2976 5028
603 306 715 335 ·-·
753 285 820 352 272
865 321 910 332 -

202 471 270 514 τιον
295 444 352 513 καὶ
384 443 552 532 πρότερον
584 443 806 530 έκαοτέρησας
839 439 901 511 ὑπὸ
939 437 1001 510 τοῦ
1033 439 1221 522 Κύκλωπος
1251 439 1380 528 ὁρῶσα

202 551 283 632 τοὺς
310 551 464 638 ἑταίρους
492 552 819 638 ὸιαφθειρομένους.’
875 551 946 638 έμολ
975 549 1038 637 μὲν
1067 547 1108 636 66
1137 549 1268 618 τούτων
1297 555 1380 619 τῶν

203 661 293 730 έπῶν
321 655 542 746 εὐκαιρότατα
570 658 632 747 μέν
659 657 677 726 6
707 657 854 727 Πλάτων
881 663 977 727 δοκεῖ
1002 655 1231 746 μνημονεύειν
1257 660 1297 726 έν
1325 662 1378 750 τῷ

202 765 346 858 τετάρτῳ
369 770 428 854 τῆς
451 773 646 851 Πολιτείας,
668 762 871 854 ἀκαιρότατα
895 764 932 834 66
960 764 978 834 6
1003 765 1216 854 Χρύσιππος,
1244 771 1293 833 ἑτι
1334 766 1378 834 δὲ

176 879 333 964 ὅμῖιλλον
355 865 405 943 ὧν
428 871 615 961 Εὐριττέὸης
639 875 772 961 ἐποίησε
796 877 963 960 λέγουσαν
985 873 1048 962 τὴν
1070 874 1240 961 Μήδειαν,
1263 871 1378 961 ἡνίκα

202 983 364 1052 καὶκατὰ
391 981 454 1070 τὴν
478 984 606 1068 ἐκείνης
631 980 742 1068 ψυχὴν
769 979 787 1050 6
812 980 972 1068 λογισμὸς
1000 983 1169 1064 ἐστασίαζε
1191 981 1276 1069 πρὸς
1306 981 1378 1050 τὸν

202 1089 327 1180 θυμόν.
372 1089 445 1181 ᾔδει
466 1090 528 1178 μέν
547 1089 623 1177 γάρ,
646 1087 692 1169 ὠς
710 1087 852 1158 ἀνόσιόν
873 1115 904 1156 τι
927 1090 982 1156 καὶ
1003 1089 1119 1158 δεινὸν
1142 1095 1244 1176 ἔργον
1268 1088 1377 1174 ἐργά-

201 1307 315 1376 τεκαὶ
339 1303 539 1392 ἀνεβάλλετο
563 1306 616 1372 καὶ
647 1301 708 1372 οὐκ
732 1301 838 1384 εὐθὺς
860 1301 1036 1392 ὁρμήσασα
1059 1305 1178 1391 ἔπραξε
1205 1295 1377 1390 τοῦργον.

163 1433 189 1474 1⁰
202 1403 306 1493 αὖθις
328 1412 365 1482 66
389 1409 497 1500 αὐτὴν
519 1409 538 1481 6
563 1410 674 1499 θυμὸς
697 1409 808 1497 ὥσπερ
827 1439 876 1492 τις
899 1415 998 1492 ἵππος
1017 1410 1204 1499 δυσπειθὴς
1222 1411 1375 1498 νικήσας

196 1521 257 1591 τὸν
284 1519 425 1611 ἡνίοχον
453 1521 504 1588 ἐπὶ
532 1517 612 1600 τοὺς
639 1525 761 1598 acestae
783 1514 872 1588 εἷλκε
899 1525 957 1610 βίᾳ
990 1519 1044 1586 καὶ
1073 1525 1185 1588 ἔπειτα
1214 1519 1323 1587 πάλιν
1351 1517 1372 1587 6

197 1625 358 1716 λογισμὸς
388 1623 534 1696 ἀντέσπα
567 1653 602 1696 τε
634 1628 688 1695 καὶ
722 1623 867 1714 ἀπῆγεν,
900 1625 970 1696 εἶτα
998 1619 1101 1708 αὖθις
1130 1623 1315 1696 ἀνθεῖλκεν
1350 1625 1371 1695 6

197 1735 320 1823 θυμός,
343 1732 413 1803 εἶτα
437 1726 540 1815 αὖθις
558 1733 576 1803 ὁ
596 1733 766 1822 λογισμός.
808 1733 891 1804 ὥστε
915 1734 1073 1814 πολλάκις
1097 1734 1168 1804 ἅνω
1192 1735 1247 1804 καὶ
1272 1734 1371 1804 καίτοι

131 1861 185 1920 ab?
196 1841 281 1926 πρὸς
308 1839 437 1931 ἀμφοῖν
464 1839 613 1930 ἀγομένη
642 1840 687 1922 ὡς
711 1843 931 1930 σννεχιόὶμιγσε
959 1847 1004 1934 τῷ
1028 1847 1145 1935 θυμῷ,
1174 1845 1370 1929 τηνικαῦτα

158 1948 288 2020 ιιτιοιεῖ
307 1954 446 2019 τοιαῦτα
469 1951 637 2036 λέγουσαν
660 1947 678 2017 6
703 1947 890 2038 Εὐριπίδης
913 1947 1034 2038 αὐτήν

234 2199 316 2259 rtet
339 2197 483 2258 Κύκλωπα
504 2195 708 2257 llABChK
694 2197 752 2258 ὑπὸ
779 2203 828 2257 τοῦ
850 2197 1058 2264 Κάκλωποιῐις
1083 2201 1118 2256 ef.
1137 2203 1223 2259 Proll.
1248 2223 1277 2276 p.
1301 2212 1366 2260 104.

196 2305 231 2316 -
250 2283 267 2331 2
285 2271 339 2332 ἀπ’
364 2269 455 2330 αὐτοῦ
480 2273 744 2344 ὃιαφθειοομένους
763 2268 964 2329 ,lltBCHK
950 2268 1002 2328 un’
1022 2269 1078 2327 αάτ
1080 2275 1114 2328 06
1139 2293 1195 2330 uon
1222 2277 1367 2334 habetL.

197 2376 231 2388 -
256 2344 326 2404 alr
344 2363 468 2417 τεταρτῳ
486 2331 651 2400 llABCHK
679 2342 709 2400 έν
695 2347 813 2420 ιτῴτ.
834 2347 918 2400 L-
944 2345 1029 2412 4τής
1048 2349 1113 2400 aute
1134 2349 1286 2411 Πολιτείας
1306 2368 1365 2406 our

183 2403 1366 2508 ‚LMABChK·cf.l‘rogr.11,roaunfrff-euaytu,mutuabant.

196 2498 290 2548 —10
308 2483 397 2552 αυθις
416 2486 445 2544 6
466 2484 503 2544 ἂν
523 2510 614 2558 ututur
634 2489 719 2543 L
746 2496 778 2544 14
798 2489 916 2544 τοιαῦτα
939 2495 1020 2544 ποιεῖ
1039 2492 1198 2558 τηνικαῦτα
1216 2490 1365 2562 λέγουσαν

195 2561 218 2616 1.
236 2579 395 2634 amaccura
413 2569 495 2618 ποιεῖ
509 2561 649 2632 λέγουσαν
669 2561 841 2617 lIABChK.
863 2593 895 2602 -

195 2820 303 2906 inquit
330 2819 381 2886 ‘iu
408 2817 610 2905 praeseutia,
642 2840 699 2885 cor
731 2817 1037 2906 generosissimum,
1065 2821 1101 2884 ut
1130 2819 1221 2903 prius
1255 2821 1363 2886 etiam

196 2927 331 3012 durasti,
354 2949 429 2994 cum
453 2925 637 3011 aCyclope
661 2927 768 2992 socios
791 2927 936 2991 interimi
961 2924 1187 3009 conspiceres.'
1225 2925 1273 2992 Ut
1297 2927 1362 3013 igi·

196 3039 251 3100 tur
273 3035 448 3100 admodum
472 3041 656 3119 opportune
680 3057 754 3099 mea
777 3034 908 3121 quidem
928 3035 1091 3100 sententia
1115 3059 1135 3099 u
1159 3035 1299 3102 Platone
1325 3039 1362 3103 in

195 3145 314 3228 quarto
337 3139 565 3226 Reipublicae,
593 3143 640 3207 ita
664 3141 944 3227 importunissime
969 3165 988 3207 a
1012 3139 1202 3228 Chrysippo
1225 3143 1262 3210 hi
1288 3167 1360 3210 rer·

195 3272 251 3315 aua
270 3255 577 3334 commemorantur,
596 3251 700 3316 multo
716 3253 826 3314 autem
845 3250 952 3334 magis
968 3272 1015 3334 ca,
1035 3273 1118 3336 quae
1132 3250 1250 3316 Medea
1269 3253 1359 3338 apud

195 3355 388 3443 Euripidem
411 3357 504 3442 dicit,
533 3381 607 3424 cum
630 3358 734 3442 ipsius
764 3379 891 3442 quoque
920 3357 1048 3422 animus
1074 3358 1211 3424 rationis
1235 3363 1271 3424 et
1295 3361 1360 3426 ira·

196 3463 331 3532 cundiae
365 3465 524 3532 seditione
557 3466 747 3552 agitaretur.
802 3464 1020 3550 intellegebat
1051 3467 1223 3548 nimirum,
1257 3492 1359 3554 quam

194 3573 356 3640 nefarium
375 3596 537 3660 quamque
558 3588 652 3642 atrox
670 3573 797 3639 lacinus
817 3577 904 3637 esset
923 3577 1162 3658 perpetratum,
1186 3575 1215 3640 si
1234 3575 1357 3644 libero·

195 3703 268 3746 rum
287 3680 419 3747 caedem
434 3683 676 3768 aggrederetur.
696 3703 733 3746 ac
752 3685 927 3766 propterea
942 3681 1158 3746 cunctabatur
1177 3687 1211 3747 ct
1228 3683 1357 3750 differe-

195 3787 254 3854 but
285 3809 344 3854 uec
372 3789 487 3854 statim
520 3790 663 3855 excitata
681 3789 823 3870 ‚facinus
854 3789 989 3874 peregit
1043 3789 1164 3854 liursus
1190 3811 1264 3856 eam
1294 3793 1357 3858 ira-

195 3895 326 3980 cundia,
358 3885 401 3960 ut¹
422 3919 523 3982 equus
551 3901 726 3966 contumax
755 3897 842 3962 ricto
871 3919 1011 3968 sessore.
1041 3897 1081 3962 acl
1108 3898 1232 3964 liberos
1256 3900 1357 3966 truci·

194 4003 318 4069 claudos
338 4003 370 4068 ri
389 4003 555 4090 trahebat3
580 4005 693 4070 deiude
712 4027 823 4070 rursus
849 4004 934 4070 ratio
955 4005 1145 4070 retrahebat
1163 4027 1201 4070 uc
1222 4029 1355 4074 reuoca·

194 4111 266 4198 but3
306 4133 382 4177 mox
418 4117 532 4178 coutra
568 4113 760 4197 impellebat
798 4109 980 4195 iracundia,
1017 4113 1101 4178 ratio
1140 4115 1355 4182 renitebatur.

197 4217 262 4284 Ubi
297 4239 375 4285 vero
408 4219 540 4303 saepius
573 4219 649 4286 hinc
682 4219 784 4284 illinc·
808 4221 963 4287 distracta
999 4221 1131 4286 taudem
1164 4222 1354 4290 iracurulrae

194 4327 364 4410 concessit,
388 4331 458 4392 turu
482 4326 529 4392 ito
552 4327 739 4413 loquentem
763 4349 836 4394 eum
860 4328 941 4394 lucit
963 4329 1153 4415 Euripides:
