2976 5028
699 325 946 392 -274-

237 487 294 555 καί
325 489 394 556 τῶν
425 488 560 554 παίδων
589 498 661 563 τοῖς
692 481 794 568 φύσει
821 493 992 571 θυμικοῖς,
1024 489 1071 551 ἔτι
1105 481 1142 549 δὲ
1173 485 1312 567 θηρίων
1348 477 1413 547 ούν

236 591 365 681 ὀλίγοις
387 593 442 662 καὶ
466 588 663 678 ἀνθρώπων
685 605 756 670 τοῖς
773 590 996 676 θηριώδεσιν·
1020 595 1112 658 ἐστιν
1135 585 1192 657 ὅτε
1212 587 1249 656 δέ
1273 585 1412 656 οὐδέτε-

237 727 302 790 ρον
329 703 377 780 είς
403 703 569 768 τοσοῦτον
595 697 815 786 ίσχυρότερόυ
844 699 950 782 ἐστιν,
983 693 1030 776 ῶς
1062 697 1265 782 ἐφέλκεσθαι
1298 721 1411 782 παρα-

223 811 348 896 ’χρῆμα
371 806 535 893 θάτερον,
563 803 648 875 ἀλλὰ
672 807 889 873 ἐναντιοῦταί
912 833 947 873 τε
975 801 1060 892 πρὸς
1087 801 1216 889 ἄλληλα
1243 805 1297 871 ναὶ
1336 807 1407 870 δια-

210 914 375 1006 ῦμύχεται
404 915 460 984 καί
491 917 568 1004 νικᾷ
595 916 642 1005 τῷ
671 911 783 1004 χρόνῳ
810 913 974 1001 θάτερον,
1002 912 1055 980 ἐπὶ
1076 907 1263 992 Ὀδυσσέως
1292 911 1362 998 μὲν
1392 907 1410 977 ό

237 1021 409 1113 λογισμός,
433 1023 485 1090 ἐπὶ
510 1025 666 1109 Μηδείας
689 1020 726 1089 δὲ
751 1019 911 1109 δθυμός,
935 1020 981 1102 ῶς
999 1019 1062 1088 δύο
1087 1017 1172 1088 ὄντα
1191 1017 1276 1088 αὐτὰ
1299 1017 1410 1106 μόρια

236 1133 297 1218 τῆς
319 1133 438 1218 ψυχῆς,
462 1127 495 1217 ἦ,
519 1135 550 1199 εί
571 1129 616 1216 μὴ
640 1127 755 1218 μόρια,
777 1129 911 1210 πάντως
932 1155 970 1216 γε
994 1127 1156 1216 δυνάμεις
1177 1127 1277 1207 τινές.
1322 1123 1344 1195 ὁ
1372 1125 1409 1193 δὲ

238 1238 435 1328 Χρύσιππος
454 1234 531 1306 ούτε
550 1235 653 1325 μόρια
671 1240 781 1324 ψυχῆς
797 1241 902 1304 ταῦτα
921 1235 1007 1304 εἶναι
1027 1243 1176 1324 νομίζων
1199 1233 1277 1304 οἵτε
1299 1231 1410 1302 δυνό-

237 1371 312 1435 μεις
333 1341 480 1434 ἀλόγους
509 1345 622 1432 ἐτέρας
643 1349 703 1432 τῆς
725 1348 861 1431 λογικῆς
884 1343 975 1431 ὅμως
998 1339 1060 1412 οὐκ
1085 1339 1180 1410 ὄκνει·
1200 1344 1270 1410 τῶν
1290 1338 1410 1408 Ὀδυσ-

198 1477 225 1516 ιο
238 1455 324 1536 σέως
345 1479 380 1524 τε
402 1455 458 1522 καί
478 1459 633 1540 Μηδείας
651 1455 741 1522 ἐπῶν
759 1451 987 1540 μνημονεύειν
1005 1453 1155 1538 ἐναργῶς
1177 1447 1410 1536 καταβαλλόν-

238 1587 308 1630 των
328 1558 393 1648 τὴν
415 1559 521 1642 δόξαν
544 1557 660 1630 αύτοῦ.
700 1563 772 1640 πῶς
794 1555 838 1628 ἂν
857 1552 921 1630 οὖν
938 1587 990 1640 τις
1008 1565 1055 1628 ἐτι
1080 1559 1271 1645 διαλέγοιτο
1292 1555 1408 1626 τοιού-

239 1693 310 1749 τοις
338 1665 484 1754 ἀνδράσι
511 1667 594 1758 μήτε
626 1671 696 1737 τῶν
729 1671 878 1756 ἐναργῶς
905 1669 1124 1756 φαινομένων
1152 1673 1408 1754 φροντίζουσιν,

239 1773 286 1858 εδς
308 1771 374 1864 ἤδη
398 1775 559 1857 πολλάκις
582 1779 707 1862 ἔδειξα,
734 1777 790 1845 καὶ
817 1780 887 1844 τῶν
915 1774 1156 1864 ἐξελεγχόντων
1183 1773 1224 1843 τὰ
1254 1773 1406 1861 δόγματα

239 1880 354 1956 αύτῶν
386 1881 432 1966 ῶς
458 1883 725 1973 μαρτυρούντων
755 1883 1046 1972 μνημονεύουσινς
1079 1883 1302 1970 ἐμπέπλησται
1336 1878 1406 1967 γὰρ

200 1988 259 2062 ωδ
281 1991 358 2083 περὶ
382 1989 587 2082 ἡγεμονικοῦ
615 1991 717 2078 λόγος
743 1989 808 2060 ὑπὸ
834 1999 1033 2080 Χρυσίππου
1060 1991 1290 2079 γεγραμμένος
1313 1989 1406 2057 ἐπῶν

239 2102 423 2188 ποιητικῶν
446 2097 519 2188 ἤτοι
548 2097 707 2188 τὰπάθη
736 2101 810 2184 περὶ
835 2100 895 2169 τὸν
922 2099 1060 2186 θώρακά
1087 2125 1122 2167 τε
1150 2097 1206 2166 καὶ
1233 2094 1297 2182 τὴν
1324 2118 1405 2178 καρ-

172 2212 320 2284 ωοδίαν
345 2209 350 2298 Ι
380 2215 605 2278 συνίστασθαι
637 2207 905 2296 μαρτυρούντων
936 2205 956 2296 ἢ
990 2207 1054 2277 δύο
1087 2204 1175 2276 εἶναι
1205 2209 1264 2293 τῆς
1296 2203 1406 2290 ψυχῆς

276 2416 290 2465 1
311 2408 343 2464 In
362 2407 455 2464 verbis
475 2405 516 2463 ἐτι
536 2405 567 2463 di
587 2407 709 2478 θηρίων
732 2407 902 2463 terminatur
926 2405 1076 2476 quaternio
1095 2403 1187 2460 xxvl
1206 2401 1312 2458 codicis
1330 2399 1403 2455 Lau-

239 2483 325 2550 ront.;
344 2479 380 2537 ef.
398 2478 486 2534 Pron.
505 2497 532 2550 p.
554 2485 600 2546 72,
618 2479 791 2548 Programm
811 2479 832 2546 l,
852 2489 878 2534 8.
897 2485 922 2534 9.
944 2509 976 2520 -
997 2486 1014 2534 λ
1031 2473 1160 2546 θάτερον
1179 2470 1229 2530 ἐπ’
1248 2470 1403 2530 Ὀδυσσέως

240 2553 278 2624 (τ.
293 2557 321 2622 δ)
334 2551 459 2622 omissis,
473 2567 547 2621 quse
560 2549 712 2606 interiecta
725 2555 800 2620 sunt,
814 2551 908 2607 serbis
922 2551 959 2606 M.
977 2581 1008 2591 -
1032 2557 1064 2605 ιο
1079 2543 1302 2621 καταβαλόντων
1316 2544 1350 2601 m
1367 2571 1400 2582 —·

241 2753 400 2840 obtineat,
422 2751 509 2840 quod
532 2758 603 2818 turn
626 2751 661 2818 in
684 2752 849 2839 plerisque
872 2751 1033 2836 barbaris,
1055 2755 1128 2816 tum
1151 2750 1186 2816 iu
1208 2749 1329 2836 pueris,
1346 2743 1401 2832 qui

241 2868 361 2930 natura
391 2861 613 2928 iracundiores
650 2865 741 2944 sunt,
774 2865 844 2926 tum
877 2861 978 2926 etiam
1011 2861 1047 2926 in
1078 2859 1158 2924 feris
1190 2881 1257 2924 non
1289 2854 1400 2942 paucis

241 2967 494 3054 hominibusque
518 2969 650 3034 illarum
670 2969 833 3033 similibus
855 2969 962 3034 videre
986 2969 1076 3055 lieet3
1100 2967 1265 3034 interdum
1288 2967 1401 3030 neutra

242 3075 450 3164 usqueadeo
475 3076 577 3160 valet,
605 3080 642 3141 ut
665 3075 804 3141 alteram
828 3077 941 3142 statim
974 3100 1084 3143 seeum
1110 3075 1235 3161 rapiat,
1263 3073 1320 3138 sed
1348 3069 1402 3138 ad·

244 3187 417 3250 versantur
448 3183 535 3249 inter
572 3206 607 3248 se
641 3188 674 3248 et
707 3183 945 3269 digladiantur,
984 3184 1092 3269 quoad
1129 3183 1233 3247 ultera
1270 3179 1400 3246 tandem

243 3291 385 3358 viatoria
407 3291 545 3378 potitur,
569 3296 606 3358 ut
624 3292 659 3358 in
679 3289 775 3357 Ulixe
799 3292 901 3377 ratio,
923 3291 1095 3357 iracundia
1117 3291 1152 3356 in
1175 3289 1299 3372 Medea,
1321 3291 1401 3352 tanu-

242 3421 342 3488 quam
364 3400 447 3466 duae
476 3421 514 3466 ac
542 3399 688 3465 diversae
718 3399 847 3465 animae
875 3405 987 3485 partes
1018 3399 1069 3463 uel
1098 3399 1127 3463 si
1151 3399 1259 3465 minus
1283 3400 1400 3484 partes,

244 3513 332 3576 certe
364 3507 540 3576 facultates
574 3507 743 3594 quaedam.
801 3507 1005 3593 Chrysippus
1040 3529 1116 3572 uero
1150 3529 1225 3574 eum
1253 3505 1313 3571 has
1342 3522 1400 3568 nec

243 3619 355 3702 partes
385 3615 515 3681 animae
549 3637 609 3680 nee
645 3613 822 3680 facultates
856 3615 1066 3681 irrationales
1101 3637 1173 3680 esse
1206 3615 1351 3680 diversas
1383 3630 1402 3672 a

145 3715 162 3742 ⁶
244 3723 399 3790 rationali
421 3721 634 3806 existimaret,
659 3727 769 3788 tamen
792 3745 858 3788 non
882 3723 1011 3788 dubitat
1036 3727 1069 3787 et
1088 3721 1194 3788 Ulixis
1219 3726 1252 3788 et
1270 3717 1399 3786 Medeae

244 3851 369 3917 versus,
383 3831 501 3918 quibus
516 3829 692 3896 manifesto
709 3831 872 3896 sententia
887 3831 957 3896 eius
972 3831 1050 3911 ruit,
1072 3831 1107 3895 in
1122 3829 1266 3896 medium
1282 3829 1400 3894 afferre.

246 3937 317 4017 Quo
345 3943 442 4024 paeto
475 3939 577 4026 igitur
605 3962 679 4005 eum
707 3939 895 4004 huiusmodi
919 3937 1109 4004 hominibus
1138 3959 1233 4024 agas,
1263 3935 1317 4025 qui
1343 3955 1399 4000 nea

245 4045 361 4130 ullam,
385 4050 421 4112 ut
445 4047 577 4132 saepius
606 4047 671 4113 iarn
696 4045 777 4130 dixi,
808 4047 1127 4112 evidentissimarum
1155 4067 1265 4112 rerum
1294 4065 1400 4112 curam

244 4153 370 4220 habent
403 4158 435 4218 et
468 4175 519 4239 es,
551 4177 635 4240 quae
667 4177 780 4220 eorum
813 4155 992 4220 sententias
1033 4155 1199 4238 refellunt,
1237 4155 1331 4242 quasi
1362 4151 1400 4216 iis

246 4261 480 4350 suffragentur,
499 4261 678 4329 adhibent?
717 4261 868 4327 Refertae
888 4269 939 4329 est
957 4263 1105 4329 uersibus
1124 4267 1299 4348 poetarum
1317 4265 1400 4330 totus

246 4371 408 4436 tractatus
428 4367 606 4456 Chrysippi
630 4371 669 4436 de
690 4371 818 4438 animae
842 4371 1038 4458 principatu,
1062 4371 1117 4458 qui
1141 4373 1193 4437 rel
1212 4373 1348 4440 allectus
1370 4369 1401 4434 in
