2994 5024
686 293 1029 362 -234-.

230 453 281 526 ότι
304 452 430 536 παντὸς
452 459 513 524 τοῦ
536 452 689 543 σώματος
712 454 750 524 έν
771 468 842 534 τοῖς
864 457 922 542 τῆς
947 455 1053 542 συκῆς
1072 451 1219 522 πάθεσιν
1242 455 1398 540 ἐναργῶς

229 561 476 654 ἀλλοιουμένου
498 565 554 632 καὶ
577 563 656 632 ποτέ
680 561 742 650 μὲν
765 559 956 651 άχριιόντός
977 586 1012 630 τε
1035 561 1090 630 καλ
1110 563 1396 650 καταψυχομίνου

228 673 283 742 καλ
306 675 503 761 τρέμοντας,
527 669 573 752 ὥς
600 674 638 740 ἐν
660 685 730 752 τοῖς
752 670 874 758 φόβοις
897 676 1052 756 φαίνεται
1082 668 1275 758 γινόμενον,
1298 675 1395 740 ἔστιν

156 835 161 845 .
229 779 283 851 ὅτε
307 779 344 851 δέ
368 779 599 869 έρυθριῶυτός
625 805 658 848 τε
688 779 743 846 καὶ
767 779 1041 868 θερμαινομένου
1068 777 1122 846 καὶ
1151 782 1311 866 σφοδρῶς
1337 781 1394 848 έν-

187 905 216 962 [⁵
229 889 443 977 τεινομένου,
475 887 628 972 καθάπερ
662 889 699 956 ἐν
730 901 802 968 τοῖς
832 894 972 974 θυμοῖς,
1009 881 1153 966 οὐδενὸς
1183 883 1247 974 μέν
1283 885 1395 957 ἄλλου

228 998 392 1085 μέμνηται
423 1003 562 1084 μορίου,
589 995 707 1084 μόνων
735 993 773 1062 δέ
803 997 873 1063 τόν
900 992 984 1064 κατὰ
1007 993 1068 1064 τὸυ
1096 993 1250 1082 θώρακα·
1278 999 1394 1064 ἔπειτα

229 1105 280 1191 δέ,
302 1101 366 1190 ότι,
388 1099 453 1172 κάν
480 1108 685 1193 συγχωρηθῇ
714 1102 875 1192 μειζόνως
902 1100 923 1190 ἡ
952 1107 1073 1191 ιιιιρδιά
1097 1106 1165 1170 τῶν
1192 1101 1307 1172 ἄλλων
1327 1108 1395 1173 τοῦ

230 1211 317 1305 ζῴου
338 1217 468 1301 μορίων
499 1212 693 1300 ε’ξισταμένιγ
726 1215 788 1280 τοῦ
819 1209 902 1280 κατὰ
929 1210 1036 1298 φύσιν
1063 1213 1101 1279 ἐν
1128 1209 1250 1298 φόβοις
1272 1235 1306 1280 τε
1334 1213 1394 1280 καὶ

230 1318 350 1402 λύπαις
372 1317 533 1407 άγωνίαις
556 1346 589 1388 τε
608 1320 661 1388 καί
685 1329 808 1408 θυμοῖς
826 1317 933 1388 ἅπασί
953 1344 987 1387 τε
1010 1331 1081 1398 τοῖς
1099 1315 1215 1399 ἄλλοις
1231 1315 1395 1400 πάθεσιν,

162 1425 272 1502 iilud
293 1427 331 1498 τὸ
355 1428 574 1518 λογιζόμενον
596 1432 655 1514 τῆς
678 1431 795 1514 ψυχῆς,
825 1427 830 1516 l
860 1423 944 1495 άλλίι
967 1425 1004 1496 τὸ
1029 1426 1253 1514 θυμούμενον
1277 1421 1296 1514 ἢ
1320 1427 1393 1495 ἐπι·

191 1557 214 1598 1¹
229 1539 368 1624 θυμοῦν
391 1537 541 1605 ἐνταῦθα
565 1533 727 1624 ὑπάρχειν
747 1537 939 1617 ἐνδείξεται·
963 1533 1048 1604 ὥστε
1071 1536 1174 1604 πλέον
1196 1533 1346 1622 θάτερον
1373 1531 1394 1624 ἢ

229 1641 312 1732 ὅπερ
334 1640 436 1725 αὐτὸς
458 1644 627 1732 βούλεται,
649 1649 869 1730 περαίνεσθαι
895 1641 953 1712 διδ
976 1648 1038 1714 τοῦ
1061 1641 1174 1730 λόγου.
1212 1647 1244 1712 εί
1264 1641 1329 1730 γὰρ
1354 1645 1395 1714 έν

228 1749 292 1839 μὲν
317 1755 364 1844 τῷ
393 1755 611 1822 διανοεῖσθαί
635 1779 668 1821 τε
698 1752 752 1819 καὶ
781 1750 973 1840 μανθάνειν
998 1745 1015 1838 ἢ
1045 1749 1221 1818 διδάσκειν
1248 1746 1394 1839 οὐδεμία

229 1866 360 1948 κίνησις
383 1861 549 1949 ἐξαίρετος
571 1863 767 1948 ἐμφαίνεται
795 1856 878 1928 κατὰ
901 1857 964 1947 τὴν
986 1862 1141 1946 καρδίαν,
1164 1859 1203 1926 έν
1226 1856 1328 1928 ἅπασι
1353 1863 1393 1930 δὲ

190 1987 215 2030 1⁵
228 1981 300 2048 τοῖς
322 1967 470 2037 πάθεσιν
488 1971 638 2056 ἐναργῶς
656 1974 823 2054 φαίνεται,
847 1970 965 2053 δῆλον,
988 1963 1093 2054 οἶμαι,
1116 1972 1244 2053 γίνεται
1268 1964 1306 2036 τὸ
1326 1969 1394 2056 μέν

229 2075 448 2166 λογιζόμενον
475 2079 534 2164 τῆς
561 2079 669 2164 ψυχῆς
697 2073 759 2144 οὐκ
789 2073 876 2143 εἶναι
900 2073 983 2142 κατὰ
1011 2073 1074 2160 τὴν
1096 2077 1256 2160 καρδίαν,
1283 2073 1322 2144 τὸ
1353 2077 1390 2144 δέ

228 2179 410 2272 ἀλόγιστόν
436 2210 471 2254 τε
504 2187 559 2254 καὶ
593 2183 786 2272 παθητικὸν
813 2181 1065 2272 ὀνομαζόμενον
1096 2183 1134 2250 έν
1166 2179 1252 2272 αὐτῇ
1281 2186 1393 2272 περιέ-

265 2416 282 2466 4
304 2411 354 2466 καλ
373 2411 505 2481 σφοδρός
524 2405 724 2480 έντεινομένου
749 2427 804 2466 om.
824 2410 855 2466 L.
876 2441 908 2451 -
934 2417 950 2466 8
971 2403 1157 2478 ἐξισταμένου
1176 2408 1208 2464 Ιι.
1228 2439 1262 2450 -
1286 2407 1392 2484 φόβοις

229 2482 328 2540 καλλι.
354 2513 387 2524 —
414 2475 649 2539 utricularium
670 2483 762 2538 M.-
786 2478 899 2550 ἤπερΙι
923 2475 941 2552 ἢ
966 2475 1039 2549 ὅπερ
1059 2481 1125 2537 MA.
1145 2511 1179 2522 -
1209 2487 1240 2536 12
1260 2497 1278 2536 a
1296 2483 1392 2540 vorbis

228 2553 258 2698 μί
277 2549 500 2699 μέμ-ματιίμίμμμ
518 2571 587 2684 gance
620 2555 835 2684 {antiocenam
858 2559 888 2612 et
910 2553 1040 2610 Parisino
1068 2554 1100 2622 ai*
1119 2560 1150 2610 et
1167 2553 1214 2620 P)=
1241 2554 1277 2610 cs.
1302 2553 1390 2612 ProlL

228 2839 264 2905 in
291 2839 393 2905 animi
421 2839 593 2906 affectibus
626 2837 800 2904 manifesto
832 2837 1026 2903 immutetur
1054 2858 1091 2902 ac
1124 2835 1222 2904 modo
1254 2838 1391 2924 palleat,

228 2947 387 3034 frigescat
400 2951 594 3033 trematque,
613 2947 645 3013 id
660 2947 746 3033 quod
761 2947 794 3011 in
810 2948 899 3010 metu
918 2945 964 3030 fit,
983 2945 1080 3010 modo
1100 2943 1226 3030 rubeat,
1245 2945 1391 3014 calescat

228 3055 500 3142 vehementerque
522 3057 720 3138 intendatur,
743 3054 838 3120 utin
860 3053 1044 3136 iracundia,
1067 3053 1106 3118 de
1129 3053 1220 3119 nulia
1243 3059 1390 3139 praeter·

227 3186 326 3250 quam
345 3163 490 3230 thoracis
510 3167 602 3251 parte
622 3163 821 3228 mentionem
842 3161 936 3248 facit3
960 3162 1111 3244 alarum,
1133 3161 1231 3246 quod,
1254 3163 1389 3230 etiamsi

228 3273 425 3340 concedatur
456 3273 492 3338 in
524 3273 712 3354 timoribus,
750 3269 968 3353 maeroribus,
1001 3269 1179 3356 augustin,
1210 3269 1392 3338 iracundiis

228 3381 410 3468 ceterisque
443 3381 614 3446 affectibus
652 3402 709 3446 cor
746 3379 903 3444 maiorem
940 3379 975 3444 in
1008 3377 1141 3444 modum
1173 3399 1273 3463 quam
1306 3379 1393 3444 alias

228 3491 377 3576 corporis
405 3495 556 3576 parteae
585 3488 728 3554 naturali
758 3510 816 3552 sua
848 3487 1083 3553 constitutione
1111 3485 1292 3568 deturbari,
1324 3511 1393 3555 non

228 3597 423 3665 rationalem
443 3597 544 3664 arrimi
563 3611 702 3681 partem,
726 3595 782 3660 sed
802 3617 884 3678 eam,
906 3618 971 3680 qua
994 3595 1169 3660 irascimur
1187 3615 1291 3680 quare
1311 3597 1392 3682 quid

228 3706 428 3792 appetimus,
452 3705 498 3772 ibi
524 3729 594 3770 esse
618 3704 837 3770 demonstrari
862 3709 980 3788 potest,
1004 3707 1040 3768 ut
1058 3701 1262 3768 eontrarium
1281 3705 1391 3790 magia

227 3837 325 3901 quam
349 3813 393 3898 id,
415 3813 501 3901 quod
527 3815 644 3896 coluit,
675 3813 733 3878 illa
761 3813 887 3878 rationo
912 3811 1083 3876 efficiatur.
1128 3809 1216 3876 Nam
1241 3811 1284 3894 si,
1311 3811 1391 3880 dum

228 3921 426 3988 irradiamur
452 3921 504 3986 vel
532 3923 688 3988 discimus
717 3921 767 3985 vel
796 3921 967 4002 docemus,
994 3919 1102 3985 nullus
1134 3917 1331 4004 praecipuus
1356 3920 1391 3986 in

228 4029 324 4096 corde
348 4035 456 4096 motus
480 4042 633 4116 apparet,
657 4031 690 4096 in
720 4029 890 4094 affectibus
919 4030 1030 4092 autem
1058 4025 1211 4092 onuiibus
1240 4031 1391 4114 apparet,

227 4138 447 4225 perspicuum,
471 4139 597 4224 opinor.
620 4141 656 4204 tit
682 4139 714 4202 iu
735 4134 830 4202 corde
855 4159 921 4202 nou
940 4157 1011 4200 esso
1031 4135 1225 4202 rationalem
1250 4139 1390 4222 partem,

160 4285 165 4294 ·
228 4245 294 4328 sed,
317 4269 399 4332 quae
424 4245 625 4313 irrationalis
646 4245 881 4330 rudectibrisque
905 4243 1047 4310 obnoxia
1072 4242 1268 4328 appellatur,
1292 4243 1326 4309 in
1350 4267 1389 4310 eo

227 4353 400 4436 contineri,
431 4355 496 4438 sin,
528 4353 583 4418 ubi
607 4355 744 4418 affectus
774 4352 832 4434 sit,
861 4351 984 4416 ibidem
1012 4350 1114 4416 etiam
1139 4350 1387 4418 meditationem
