2982 5026
720 345 964 412 ...50ss-

196 524 255 583 em
265 503 418 593 ἀρτηρίαι
448 535 485 575 το
513 509 672 574 τοιοῦτον
694 500 789 593 αι’μα·
814 509 819 594 Ι
849 505 1013 573 δέδεικται
1041 502 1077 570 δὲ
1100 504 1157 571 καὶ
1185 503 1261 588 περὶ
1291 502 1421 570 τούτων

262 615 314 682 lut
338 615 442 683 πλεόν
460 615 498 684 έυ
521 631 592 694 τοῖς
614 617 686 700 περὶ
711 617 781 681 τῶν
799 616 954 699 φυσικῶν
974 611 1153 699 δυνάμεων
1171 608 1422 698 ι’·πομνημιτσιυ.

261 719 348 791 ὥσθ’
373 720 442 810 ἅμα
469 725 548 810 μέν,
576 719 657 809 ὅπερ
684 717 898 809 ἀνεβαλλόμην
926 721 963 788 έν
990 733 1061 800 τοῖς
1088 724 1282 807 ἔμπροσθεν
1309 718 1423 804 λίνοις

262 829 353 919 έρεῑν
380 821 483 912 αὖθις
509 827 594 918 ὑπὲρ
621 833 682 898 τοῦ
711 827 794 896 κατίι
826 827 889 914 τὴν
921 832 1065 912 καρδίαν
1092 830 1247 914 αἳματος,
1281 825 1327 893 τὰ
1364 831 1424 894 νῦν

235 946 406 1026 στέρηται,
439 937 506 1025 ἅμα
530 938 584 1017 δέ,
616 933 879 1022 distendimur
903 937 939 1004 οἱ
967 936 1020 1003 καί
1055 933 1117 1022 την
1144 940 1292 1020 καρδίαν
1317 931 1425 1022 ἀρχὴν

263 1043 413 1126 είπόντες
435 1043 522 1116 εἶναι
545 1047 614 1114 τῶν
637 1047 784 1130 φλεβῶν,
808 1043 1036 1112 ἐπιδέδεικται.
1077 1051 1169 1129 εἰπερ
1193 1041 1258 1128 γὰρ
1282 1043 1426 1128 αἵματός

262 1179 370 1238 τινος,
402 1150 509 1233 εὐθὺς
536 1150 647 1240 δήπου
674 1152 729 1218 καί
758 1154 894 1238 φλεβῶν
921 1150 1099 1238 ἐνόμισαν,
1126 1147 1237 1234 ῶσπερ
1268 1149 1349 1238 [μη]
1373 1155 1424 1218 καὶ

264 1263 333 1330 τῶν
351 1258 521 1349 ἀρτηριῶν
540 1261 690 1348 ἐχουσῶν
710 1253 791 1347 αἷμα
810 1259 1114 1348 λεπτομερέστατον
1131 1257 1185 1325 καὶ
1200 1257 1427 1346 θερμότατον.

265 1363 311 1448 ῶς
339 1359 403 1436 οὖν
429 1365 615 1456 ἀρτηριῶν,
644 1365 733 1436 οὕτω
757 1367 812 1435 καὶ
839 1369 901 1435 τοῦ
928 1364 1189 1453 πνευματώδους
1215 1391 1252 1434 τε
1282 1367 1341 1434 καί
1368 1373 1426 1436 τοῦ

226 1500 252 1538 1⁰
266 1477 397 1558 ζέοντος
420 1479 559 1564 αἵματος
581 1471 666 1562 ἆρχη
689 1501 724 1543 τε
747 1476 802 1543 καὶ
826 1473 913 1562 πηγίη
937 1487 1008 1553 τοῖς
1032 1472 1126 1564 ζῴοις
1146 1471 1237 1540 ἐστίν
1264 1470 1281 1560 η
1303 1479 1425 1560 καρδία

265 1583 319 1652 καὶ
352 1582 409 1652 διίι
437 1585 536 1653 τοῦτο
564 1583 619 1651 καλ
647 1581 684 1652 τὸ
714 1583 896 1671 θυμοειδὲς
923 1583 1131 1650 ἐνδείκνυται
1163 1583 1222 1666 της
1252 1585 1364 1668 ψυχῆς
1392 1583 1425 1648 έν

267 1687 351 1781 uiuri
380 1697 597 1784 κατῳκίσθαι.
647 1695 749 1759 ταῦτα
780 1689 844 1775 ι’λρα
877 1689 932 1758 καὶ
965 1687 983 1758 ὁ
1009 1687 1155 1756 Πλάτων
1185 1685 1250 1775 την
1280 1695 1426 1776 καρδίαν

267 1804 357 1886 ἔλεγε
385 1799 497 1887 πηγην
524 1801 585 1867 τοῦ
612 1799 880 1886 περιφερομένου
903 1796 986 1866 κατίι
1012 1796 1123 1866 πάντα
1149 1797 1232 1883 μέλη
1268 1801 1426 1884 σφοδρῶς

268 1910 416 1995 αἵματος.
471 1903 513 1976 ori
549 1903 673 1976 ταύτὸν
706 1906 769 1994 γάρ
808 1907 899 1974 ε’στιν
938 1901 955 1992 ἢ
992 1904 1104 1991 πηγὴν
1141 1907 1282 1991 αἵματος
1317 1902 1426 1984 ἁπλῶς
1453 1970 1457 1979 ,

227 2036 253 2077 1⁵
267 2019 374 2084 εἰπεῖν
404 2010 421 2102 ἢ
450 2024 652 2100 προσθεῖναι
677 2016 753 2082 ’τοῦ
780 2014 1048 2101 περιφερομένου
1071 2011 1251 2097 σφοδρῶς.’
1299 2009 1338 2080 τὸ
1368 2013 1427 2101 μέν

267 2119 331 2208 γὰρ
356 2123 388 2202 ἐξ
415 2121 537 2210 ἥπατος
560 2119 759 2210 ὁρμώμενον
782 2118 824 2188 οὐ
846 2123 1057 2206 περιφέρεται
1075 2122 1245 2205 σφοδρῶς,
1270 2117 1324 2188 ὅτι.
1349 2121 1425 2208 μήτε

267 2229 503 2318 πνευματῶδές
521 2231 589 2299 ἐστι
609 2227 693 2319 μήθ’
717 2227 803 2309 ὅλως
821 2228 1009 2316 σφύζουσιν
1023 2231 1060 2296 αί
1075 2228 1288 2314 περιέχουσαι
1310 2231 1428 2316 φλέβες

268 2361 482 2370 ———-—----

307 2411 405 2478 λαερλ
424 2427 474 2466 uos
498 2409 726 2476 addidimur3ei
713 2408 834 2464 iP.roll
860 2427 894 2488 η.
910 2415 1026 2464 107.—
992 2405 1124 2489 duri
1149 2406 1228 2460 uncia
1253 2404 1427 2462 inclusimus.

269 2515 302 2524 -
323 2479 544 2553 ὅθερμῶτατυυ
564 2482 659 2537 λλ-
685 2489 700 2537 9
721 2452 894 2536 ite'erbis
876 2501 914 2543 ως
933 2499 986 2534 ουυ
1005 2479 1090 2549 incip.
1110 2481 1232 2548 excerpt.
1254 2477 1336 2534 xxm
1355 2481 1427 2535 eodi-

269 2573 333 2612 cum
351 2553 408 2608 FP
429 2585 460 2594 -
481 2549 697 2622 πιευματόδους
715 2553 798 2608 P.--
789 2553 868 2606 -καὶ
887 2551 1100 2618 ζέοντοςΡ.-
1127 2555 1159 2604 12
1178 2551 1362 2606 natantum
1382 2552 1427 2606 Fr

270 2629 465 2696 κατριιιείσθαι
489 2625 576 2680 MAB
600 2627 787 2698 κατῳκησθαι
811 2623 895 2690 CHK3
919 2623 954 2678 ci.
980 2622 1063 2678 Pron.
1088 2639 1116 2694 p.
1141 2626 1183 2676 47.
1213 2651 1246 2662 -
1274 2631 1308 2678 13
1333 2621 1428 2693 έλεη·ετ

270 2697 461 2754 Ancum-
485 2705 517 2753 16
536 2693 590 2768 γὰρ
611 2714 664 2752 om.
685 2698 715 2754 P.
735 2727 769 2738 -

271 2819 484 2832 ,ιι-ιι·-

270 2879 376 2947 insius
405 2881 438 2948 in
467 2879 711 2946 commentariis
739 2880 778 2944 de
806 2877 1020 2944 facultatibus
1048 2875 1256 2942 naturalibus
1285 2879 1427 2945 ostendi·

271 3011 353 3054 mus.
391 2987 497 3065 Quare
517 2992 550 3052 et
573 2987 615 3070 id,
639 2987 724 3072 quod
744 3009 843 3072 supra
862 2985 1054 3050 distuleram
1077 2983 1116 3050 de
1136 2984 1245 3050 cordis
1270 2987 1428 3073 sanguine

271 3097 392 3180 dicere,
420 3117 506 3162 nune
530 3095 595 3162 iam
620 3095 744 3160 dietum
776 3099 826 3160 est
853 3097 886 3160 et
909 3094 1023 3179 simul,
1054 3095 1213 3179 quantum
1238 3095 1429 3176 erraverint,

271 3203 329 3291 qui
352 3226 409 3270 cor
433 3225 589 3270 venarum
613 3225 740 3288 quoque
765 3201 926 3288 originem
950 3224 1020 3266 esse
1044 3201 1205 3286 dixerunt,
1228 3200 1429 3269 demonstra-

272 3314 352 3377 tum.
397 3310 485 3378 Nam
509 3311 537 3376 si
562 3310 731 3396 sanguinis
756 3309 939 3392 cuiusdam,
967 3309 1122 3376 continno
1147 3329 1306 3374 venarum
1330 3311 1428 3376 etiam

273 3418 399 3486 scilieet
423 3418 583 3505 originem
608 3439 678 3482 esse
702 3418 980 3500 existimaverunt,
1008 3416 1094 3482 sicut
1118 3415 1328 3502 arteriarum,
1349 3439 1430 3504 quae

274 3527 467 3613 sanguinem
496 3525 723 3590 tenuissimum
748 3524 1049 3610 calidissinmmque
1077 3523 1209 3590 habent.
1256 3523 1305 3590 Ut
1333 3525 1431 3610 igitrn

274 3635 479 3719 arteriarum,
501 3633 549 3699 itu
569 3633 735 3719 spirabilis
755 3639 788 3698 et
810 3633 966 3698 ferventis
986 3631 1209 3720 sanguinium
1230 3632 1430 3700 animalibus

274 3764 331 3809 eor
350 3745 398 3806 est
417 3741 613 3827 principium
635 3745 666 3806 et
687 3741 759 3806 fons
781 3741 822 3807 ob
838 3763 972 3826 eamque
992 3763 1126 3806 causam
1145 3740 1337 3808 iracundiae
1357 3765 1432 3830 qun-

274 3871 336 3935 que
361 3849 469 3914 sedem
493 3849 526 3914 in
551 3871 588 3914 eo
613 3849 809 3914 collocatam
834 3873 904 3914 esse
929 3849 1138 3914 ostendimus.
1176 3849 1285 3934 Atque
1310 3849 1432 3918 idcirco

275 3956 375 4022 etiam
404 3955 500 4022 Plato
529 3977 585 4022 eor
613 3957 682 4021 eius
711 3957 879 4042 sauguinis
908 3957 1033 4024 fontem
1062 3977 1133 4022 esse
1165 3954 1263 4042 dixit,
1290 3959 1348 4043 qni
1378 3983 1433 4046 per

275 4061 386 4130 omnia
410 4063 557 4128 membra
581 4062 789 4129 vehementer
812 4065 1084 4131 circumferretur.
1132 4061 1210 4130 Non
1232 4065 1324 4132 enim
1347 4067 1432 4134 idem

276 4175 326 4236 est
352 4169 531 4254 sanguinis.
546 4171 670 4236 fontem
695 4173 889 4258 simpliciter
917 4172 1023 4240 dicere
1047 4175 1080 4237 et
1103 4171 1221 4238 addere
1246 4171 1317 4260 ‘qui
1341 4175 1431 4242 vehe-

276 4281 403 4342 menter
427 4277 674 4343 circundatur?
721 4279 784 4358 Qui
808 4281 894 4345 enirn
919 4303 956 4344 ex
981 4280 1087 4346 iecore
1108 4277 1347 4367 proficiscitur,
1371 4307 1432 4350 non

276 4383 486 4450 vehementer
509 4385 750 4471 circumfertur,
778 4389 899 4474 qnippe
923 4411 997 4454 enm
1019 4411 1079 4455 nec
1103 4386 1272 4474 spirabilis
1298 4391 1347 4458 sit
1369 4415 1433 4476 nee,
