2960 5032
634 369 900 434 ...122-

198 526 267 617 ἇμιι
295 535 373 617 post
399 555 434 598 τε
462 537 522 598 out
544 534 620 598 autc
643 553 678 596 τε
701 531 750 596 ito
772 531 882 616 ponit,
913 533 950 596 ut
972 529 1056 596 nihil
1080 528 1125 596 sit
1146 529 1369 595 interiectum

199 639 262 705 llla
293 640 467 708 collocatio
499 640 599 726 louge
631 639 899 726 frerpieutissinio
932 643 997 722 cst,
1028 661 1106 704 nam
1138 637 1212 724 plus
1243 636 1368 724 viginti

184 753 342 834 ,quotuor
367 747 451 814 locis
482 747 648 814 iuvenitur
674 747 727 834 (ἐν
750 743 865 832 λόγοις
892 769 932 813 τε
960 741 1038 833 ἅμα
1065 745 1118 813 aul
1148 739 1310 830 πράξεσιν
1334 768 1369 831 p.

200 855 267 922 320
295 877 323 920 a.
352 855 448 939 med,
475 847 609 921 ἐπαινεῖ
632 879 667 921 τε
696 851 764 940 ἅμα
793 853 846 920 καὶ
872 857 1045 940 προσίεται
1074 879 1104 941 p.
1132 856 1198 920 375
1226 877 1257 938 p.
1282 853 1368 920 mcd.

200 960 290 1050 etc.)3
319 963 454 1028 alterius
482 963 563 1029 baec
592 967 669 1029 sunt
696 963 859 1049 exemplu:
888 987 920 1050 p.
949 965 1014 1028 247
1043 965 1126 1030 mod.
1154 958 1231 1047 ἅμα
1257 985 1297 1028 τε
1326 959 1367 1028 τὸ

199 1066 323 1155 τέμνον
351 1068 461 1155 τέμνει
490 1068 545 1136 xcd
573 1067 611 1137 rb
642 1072 727 1160 ζῷον
755 1067 971 1147 αἰσθάνεται,
999 1095 1030 1159 p.
1063 1074 1128 1138 ela
1157 1071 1199 1136 iu.
1231 1065 1299 1156 ἅμα
1330 1094 1367 1136 τε

199 1173 237 1244 τὸ
265 1179 325 1264 τής
347 1180 456 1265 ψυχῆς
486 1173 687 1265 ἡγεμονικὸν
712 1175 889 1266 ἠβουλήθη
921 1177 977 1246 καὶ
1010 1177 1050 1245 τὰ
1082 1181 1141 1264 τής
1173 1175 1368 1262 αἰσθήσεως

201 1281 387 1373 ἐνήργησεν
414 1283 559 1374 ὄργανα,
587 1314 617 1375 μ.
646 1289 712 1354 395
739 1289 783 1354 iu.
813 1281 874 1354 οὐκ
902 1282 1044 1374 ἐγχωρεῖ
1064 1285 1101 1354 di
1126 1284 1250 1372 ἄρατε
1274 1283 1367 1368 παρὰ

199 1389 261 1462 τὸν
289 1391 394 1480 λόγον
421 1401 582 1481 γίνεσθαί
611 1421 642 1462 τι
670 1395 724 1462 καὶ
758 1391 821 1463 ὑπὸ
850 1397 912 1462 τοῦ
940 1392 1060 1479 λόγον,
1089 1420 1119 1481 p.
1143 1397 1209 1461 5o'3
1237 1395 1282 1459 iu.
1305 1387 1375 1460 ἰὰν

201 1491 266 1569 οὖν
292 1497 360 1588 ἅμα
388 1527 422 1569 τε
450 1506 549 1571 τοῦτο
577 1501 719 1591 ποιήσῃς
747 1503 800 1570 aul
831 1503 930 1592 ιε’μής
957 1500 1098 1590 ὄρθιον,
1130 1529 1160 1590 p.
1189 1504 1253 1568 571
1285 1509 1367 1568 extr.

203 1603 343 1694 ἤμελλεν
366 1606 434 1697 ἅμα
452 1637 486 1678 τε
506 1611 711 1697 σκληροτέρα
731 1609 935 1697 γενήσεσθαι
954 1611 1008 1678 καὶ
1028 1611 1226 1698 κινήσεσθαι
1249 1606 1369 1694 ὁιτεήν

201 1721 346 1802 κίνησιν.
393 1718 426 1784 Ρ.
450 1721 516 1785 522)
541 1745 569 1785 u.
594 1721 675 1786 med.
699 1721 912 1804 singulariter
936 1722 1055 1788 dicitur
1078 1723 1135 1787 ion
1159 1757 1202 1766 -
1227 1713 1368 1802 ἐξεύρω-

201 1823 265 1911 μέν
291 1849 322 1890 τι
350 1827 419 1894 τῶν
447 1821 688 1913 ἇμυδροτέρων
715 1825 792 1914 ι’ἷμιι
824 1853 863 1895 τε
896 1826 1092 1912 προτάσεων
1125 1823 1368 1914 εὐπορήσωμεν

202 1934 250 2010 εἰς
268 1927 363 2000 αὐτά.
393 1935 469 2002 Uno
488 1941 627 2022 tantum,
641 1938 726 2024 quod
741 1937 855 2024 sciam,
872 1939 946 2005 loco
969 1937 1090 2026 legitur
1107 1932 1175 2024 ἅμα
1194 1936 1368 2003 interiecto

201 2043 362 2109 vocabulo
387 2067 406 2109 a
429 2067 463 2110 τε
488 2045 684 2128 seirmctum,
708 2069 739 2131 p.
764 2045 828 2110 :elo
853 2051 930 2112 ante
954 2047 1037 2112 med.
1059 2039 1166 2112 πάνθ’
1194 2041 1263 2130 ἃμα
1286 2061 1369 2127 σογ-

201 2147 338 2237 χέοντός
364 2176 398 2218 τε
425 2151 481 2218 aul
510 2149 813 2239 σννταράτιοντος,
842 2159 878 2220 ot
904 2154 986 2221 haec
1014 2154 1197 2222 collocandi
1219 2153 1368 2238 proprie·

202 2263 254 2325 tas
277 2297 321 2307 -
344 2259 529 2348 legitimum
553 2284 624 2327 esse
648 2262 734 2347 apud
758 2267 884 2328 veteres
905 2264 1083 2347 scriptores
1103 2265 1232 2327 constat
1252 2299 1294 2308 -
1314 2283 1369 2325 ex·

203 2368 406 2435 cusationem
433 2369 534 2433 habet
565 2373 701 2454 propter
728 2391 959 2456 praegressum
987 2368 1106 2436 πάντα.
1150 2369 1228 2436 Noli
1256 2373 1369 2435 autem

203 2475 286 2541 mihi
322 2476 460 2542 alterum
491 2477 599 2544 locum
634 2479 776 2562 obicere,
811 2479 866 2564 qui
898 2480 984 2564 apud
1016 2479 1046 2543 Κ
1086 2479 1209 2564 legitur
1239 2501 1269 2564 p.
1300 2479 1369 2543 554

203 2583 264 2650 sub
289 2585 355 2650 fin:
377 2580 416 2652 τὸ
441 2585 508 2668 πῦρ
532 2580 705 2670 ὀμοιῶσιιν
728 2581 764 2650 τὸ
787 2583 889 2664 ξύλον
908 2584 941 2664 ἐξ
966 2584 1088 2653 ἑαυτοῦ
1112 2583 1188 2672 ἅμα
1208 2585 1369 2670 γένεσίν

203 2715 237 2756 τε
260 2688 314 2756 καὶ
339 2687 471 2777 τροφήν
495 2699 594 2778 ι’σχεις
618 2717 694 2760 nam
717 2695 764 2760 ibi
789 2695 855 2760 MA
879 2689 956 2780 ἅμα
986 2693 1119 2779 γένεσίν
1146 2718 1184 2759 τε
1211 2689 1288 2780 ripa
1312 2693 1368 2760 κιιὶ

202 2797 335 2886 τροφήν
358 2803 529 2888 praebent3
559 2801 589 2866 K
614 2802 754 2867 alterum
782 2797 850 2887 ἅμα
878 2809 954 2888 post
978 2827 1011 2868 τε
1036 2803 1144 2886 eiecit,
1172 2824 1245 2868 cum
1275 2803 1369 2888 prius

203 2907 307 2974 eicere
336 2910 477 2976 deberet.
528 2909 642 2996 ltaque
672 2912 758 2994 loeo,
787 2911 826 2975 dc
850 2935 914 2997 quo
939 2913 1141 2998 quaerimus.
1169 2933 1235 2976 nou
1260 2912 1370 2976 solum

203 3017 377 3084 lectionem
401 3018 548 3083 codicum
572 3013 696 3103 cipetra
721 3015 843 3085 λευκόν
867 3021 1076 3104 retinuimus,
1100 3019 1276 3084 sedetiam
1300 3013 1370 3103 ἅμα

203 3121 310 3210 με’λαν
332 3149 367 3190 τε
390 3128 424 3192 iu
448 3121 517 3211 ἅμα
540 3149 574 3192 τε
598 3125 703 3210 με’λιιν
727 3128 935 3193 mutavimus.

294 3231 401 3300 Multo
425 3232 592 3299 difficilius
617 3239 667 3298 ost
691 3235 834 3300 iudicare
855 3235 894 3300 dc
913 3236 1022 3301 uerbis
1047 3237 1081 3302 iu
1100 3235 1166 3300 Mt
1187 3235 1283 3300 aliter
1303 3235 1370 3300 col·

204 3341 321 3407 locatis
341 3345 438 3428 atque
458 3342 492 3407 in
512 3341 679 3408 codicibus
700 3343 862 3426 Plutonis,
888 3366 905 3408 e
930 3345 1020 3410 cuius
1040 3344 1182 3430 dialogis
1202 3367 1221 3410 a
1241 3341 1370 3409 Galcuo

204 3451 241 3518 in
264 3449 317 3515 his
341 3449 435 3516 libris
458 3473 524 3516 nou
549 3473 670 3536 paucos
695 3451 785 3514 locos
810 3452 991 3541 exscriptos
1016 3475 1088 3517 csse
1112 3459 1249 3517 constat.
1290 3449 1371 3516 'Plus

205 3557 291 3624 enim
316 3557 435 3644 viginti
459 3558 540 3623 locis
564 3557 630 3624 Ma
656 3558 697 3623 ab
723 3559 835 3624 ordine
864 3559 898 3624 iu
928 3559 1017 3624 codd.
1042 3559 1220 3624 Platonicis
1245 3557 1371 3626 trudito

204 3666 386 3750 disceduut3
417 3665 471 3730 scd
495 3689 564 3732 reru
593 3666 619 3732 si
646 3667 829 3732 accuratius
854 3667 1015 3753 inquiram,
1043 3667 1089 3732 ita
1119 3667 1303 3750 discedunt,
1332 3675 1372 3732 ut

204 3775 319 3859 paucis
343 3774 425 3839 locis
449 3775 593 3859 cxc-cptis
618 3798 677 3860 pru
706 3775 789 3840 lecta
815 3781 847 3839 et
871 3777 1032 3861 exquisita
1060 3776 1274 3842 collocatione
1299 3798 1370 3841 rcr-

205 3881 322 3947 borum
351 3882 465 3947 tritam
494 3889 527 3947 et
555 3883 712 3947 usitatum
743 3883 956 3948 substitutam
982 3881 1185 3970 bubeuuts'i),
1214 3883 1315 3948 ueluti
1339 3905 1371 3968 p.

206 3991 273 4056 680
291 4013 322 4076 p.
341 3991 384 4055 in.
408 3991 594 4076 σνννοήσιιι
619 3993 765 4074 γίγνεται
793 4013 852 4075 pro
872 3993 1019 4075 γίγνεται
1041 3991 1235 4076 ξονιιοήσιιι,
1252 4013 1283 4076 p.
1303 3991 1370 4057 ost

280 4257 411 4328 ³¹)1dem
435 4257 465 4314 in
488 4259 563 4314 locos
587 4257 802 4328 Hippocraticos
825 4265 911 4330 atquc
935 4258 1020 4314 ctiam
1045 4257 1145 4314 Gnloni
1165 4258 1251 4330 ipsius
1269 4257 1371 4314 cudere

206 4347 332 4414 ridetur,
351 4347 374 4402 si
392 4347 456 4403 illos
475 4367 538 4404 cum
558 4347 701 4404 codicibus
720 4349 899 4419 Hippocratis
917 4349 1046 4420 optimis,
1070 4349 1119 4403 hos
1144 4367 1207 4404 cum
1231 4349 1372 4420 excerptio

208 4435 342 4508 Oribasii,
360 4443 497 4508 quantum
517 4437 545 4494 id
566 4435 624 4493 lieri
644 4437 723 4501 licct.
744 4439 956 4508 comparaveris.
