2984 5030
669 173 1018 250 -600-'

213 351 353 418 ‘domuin
377 346 469 438 ζῴων
494 341 662 430 ὑπεραίρει
686 357 756 422 τοῖς
778 344 862 428 πρὸς
880 343 983 410 ταῦτα
1007 345 1193 428 χρησίμοις,
1217 331 1256 409 εὖ
1283 365 1383 408 κατε·

215 456 465 542 ’σκενασμὲνοις
497 460 580 540 μνσιΙ
606 477 641 519 τε
674 451 728 518 καὶ
765 449 910 536 νεύροις,
944 448 1031 518 οὕτω
1065 445 1144 516 κάπὶ
1172 444 1383 534 ἄνθρωπον.

215 559 340 648 ’ἐπειδὴ
374 565 441 628 τῶν
477 564 604 628 λοιπῶν
637 557 729 650 ζῴων
763 559 850 626 πολὺ
882 561 927 648 τῷ
965 561 1178 625 διανοεῖσθαι
1213 563 1384 644 περίεστι.

215 667 314 738 ’πολὺ
336 672 464 756 μᾶλλον
486 667 616 737 τούτων
641 667 708 734 ε’στλ
732 663 949 745 πολύπλοκος.
994 657 1079 752 ἦσαν
1103 664 1218 732 δὲκαὶ
1243 661 1383 750 ἀποφύ-

188 779 297 857 ε“σεις
320 779 387 844 τῶν
417 775 546 862 νεύρων
574 778 676 842 πᾶσαι
706 770 770 841 άπὸ
798 776 860 840 τοῦ
888 771 1077 860 ἐγκεφάλου
1104 772 1159 840 καὶ
1183 768 1263 841 καθ’
1294 769 1385 840 ὅλον

216 887 333 952 ἐἰπεῖν
357 881 440 971 cippi]
469 891 622 970 φαίνεται
650 879 735 949 εἶναι
761 883 830 948 τῶν
852 879 934 948 κατὰ
958 877 995 949 τὸ
1020 883 1115 967 σῶμα
1139 875 1156 948 ὁ
1182 879 1384 966 ἐγκέφαλος

149 990 248 1080 dot‘ii
272 1018 304 1060 τε
333 989 396 1078 γάρ
424 987 489 1058 άπὸ
518 993 585 1058 τῶν
610 993 615 1076 t
643 992 748 1072 ῥινῶν
772 991 955 1075 γιγνομένη
984 993 1144 1075 αἴσθησις
1171 987 1384 1072 σνντέτρητο

216 1099 278 1168 ’ἐπὶ
305 1098 502 1167 τοῦτονκαὶ
532 1094 549 1186 ἡ
574 1092 638 1164 άπὸ
663 1100 731 1164 τῶν
755 1093 861 1164 ὤτων.
906 1097 1068 1181 ἐφέροντο
1093 1095 1130 1164 δὲ
1155 1093 1209 1162 καὶ
1234 1093 1285 1161 ε’πῖ
1316 1091 1385 1178 τὴν

216 1207 385 1292 ’γλῶσσαν
408 1206 461 1272 καὶ
488 1204 538 1273 iai
563 1203 643 1283 τοὺς
671 1199 873 1290 ὀφθαλμοὺς
901 1199 1088 1290 ἀποφύσεις
1111 1199 1176 1271 rixo
1201 1205 1263 1270 τοῦ
1286 1203 1385 1286 ἐγκε-

178 1311 361 1400 1o‘cpritou.'
416 1313 565 1379 ἐνταῦθα
598 1307 616 1378 ὁ
647 1307 901 1398 Ἐρασίστρατος
937 1306 1099 1396 ὁμολογεῖ
1132 1309 1170 1379 τὸ
1208 1307 1383 1398 πρότερον

217 1418 450 1510 ἀγνοούμενον
468 1418 573 1508 isturgi
598 1423 713 1504 σαρῶς
737 1417 918 1504 ἑωρακέναι
936 1420 1131 1503 τηνικαῦτα,
1154 1421 1223 1486 τῶν
1243 1415 1383 1502 νεύρων

217 1529 357 1596 ἕκαστον
385 1528 418 1608 ἐξ
448 1525 634 1613 ἐγκεφάλου
661 1523 844 1612 φυόμενον.
890 1521 1037 1612 άκριβῶς
1064 1523 1101 1592 dt
1129 1525 1183 1592 καὶ
1208 1525 1282 1608 περὶ
1309 1527 1381 1590 τῶν

217 1633 383 1722 τεττάρων
411 1631 517 1702 αἰτοῦ
544 1637 682 1702 κοιλιῶν
715 1637 877 1719 ἔγραφεν,
909 1629 948 1712 rig
981 1628 1061 1701 οὐδὲ
1095 1627 1197 1714 αύτὸς
1232 1636 1296 1700 ε’τει
1333 1633 1379 1720 τῷ

217 1741 381 1831 πρότερον
413 1739 512 1810 εἶδεν.
567 1743 598 1806 ελ
629 1739 664 1806 di
697 1735 776 1807 κάπὶ
808 1742 877 1806 τῶν
910 1737 1044 1822 ζῶντων
1077 1737 1171 1832 ζῴων
1199 1741 1379 1826 ἐπεποίητο

178 1873 202 1913 ιι
217 1848 281 1936 τὴν
303 1863 434 1936 πεῖραν,
460 1844 500 1935 ἢν
527 1845 618 1935 ἡμεῖς
640 1843 701 1934 ούχ
725 1844 811 1928 ἅπαξ
835 1842 915 1916 oddt
939 1849 1007 1932 δίς,
1031 1843 1115 1916 ἀλλὰ
1138 1847 1230 1917 πάνυ
1251 1843 1379 1916 πολλά·

218 1983 269 2038 κις
301 1954 546 2043 ἐποιησάμεθα,
578 1960 721 2041 βεβαίως
752 1949 796 2022 civ
830 1959 916 2042 ἔγνω
948 1953 1012 2040 τὴν
1041 1954 1104 2043 μὲν
1137 1953 1288 2044 σκληρὰν
1320 1953 1377 2022 καλ

255 2197 271 2245 2
295 2189 343 2244 καὶ
360 2185 522 2274 ανθρωπος
545 2188 624 2243 codd.
652 2187 712 2242 edd
740 2183 811 2242 κάπὶ
834 2181 993 2272 άτθρῶπον
1016 2205 1134 2243 nos.—
1163 2196 1180 2244 λ
1203 2173 1278 2244 πολύ
1294 2181 1376 2246 τοῦτ’

220 2259 277 2317 ἔστι
297 2255 475 2316 πολύπλοκον
498 2261 576 2314 codd.
598 2260 659 2314 cdd.
686 2255 755 2313 πολύ
781 2259 887 2346 μᾶλλον
907 2256 1014 2315 τούτων
1039 2255 1097 2314 ἐστὶ
1116 2257 1295 2323 πολύπλοκος
1313 2277 1375 2316 nos.

222 2365 252 2374 —-
269 2341 285 2388 t
301 2352 389 2387 πασαι
406 2353 435 2386 αι
450 2327 507 2386 dno
499 2329 552 2384 31
560 2331 657 2386 asch
672 2332 760 2385 πᾶσαι
776 2326 834 2385 άπὸ
850 2331 930 2386 Corn.
946 2331 1028 2389 K.-··
1048 2329 1161 2388 Ssrd'
1142 2329 1202 2388 απὸ
1217 2334 1297 2388 codd.
1311 2332 1375 2388 edd.

220 2399 556 2490 autumantis-10
576 2398 709 2488 ὁμολογεῖ
726 2403 773 2456 aui
793 2403 874 2458 codd.
894 2397 1001 2460 eddo.
1021 2397 1053 2458 τὸ
1072 2421 1180 2460 nos
1203 2413 1234 2460 ll
1254 2399 1376 2475 άγνοού·

219 2495 307 2548 μενον
325 2471 471 2531 discussi
491 2475 580 2530 M—
604 2481 636 2528 13
656 2469 686 2528 τὸ
707 2493 846 2542 προτερον
865 2475 955 2529 Μ
977 2481 1010 2530 lt
1029 2470 1104 2530 rid
1125 2471 1178 2531 ἑκά
1197 2476 1285 2532 usn.
1305 2507 1339 2517 -

221 2715 316 2781 benc
338 2711 562 2794 instructis,
586 2709 641 2775 ita
665 2710 704 2776 in
725 2709 895 2796 homine,
919 2711 1010 2798 quia
1034 2714 1178 2779 ceteris
1198 2715 1374 2782 omnibus

221 2823 341 2888 multo
375 2819 619 2906 cogitatione
654 2818 867 2904 antecedit,
905 2819 1027 2886 multo
1065 2821 1191 2908 magis
1228 2823 1277 2888 iis
1316 2827 1372 2890 est

222 2929 475 3015 implicatum.
522 2927 646 3011 Atque
676 2925 794 2992 ctiam
823 2949 1030 2994 nervorum
1058 2931 1168 2994 ortus
1200 2953 1331 2998 omnes
1358 2951 1373 2992 e

222 3037 384 3104 cerebro
413 3039 522 3100 crant
552 3039 602 3117 et,
637 3038 676 3098 ut
707 3033 825 3098 seruet
858 3033 996 3120 dicam,
1029 3037 1213 3123 omnium,
1245 3039 1309 3124 qui
1336 3039 1373 3105 in

221 3165 382 3228 corpore
417 3147 519 3224 sunt,
551 3163 757 3206 nervorum
788 3141 1027 3228 principium
1060 3165 1144 3210 esse
1177 3145 1374 3213 cerebrum

222 3254 395 3338 apparet.
442 3249 536 3314 Nam
566 3252 602 3312 et
631 3271 785 3332 sensus,
817 3249 881 3334 qui
915 3271 933 3314 a
962 3249 1123 3318 naribus
1152 3253 1373 3337 proficisci·

222 3365 298 3444 tur,
318 3358 550 3424 continuato
570 3355 733 3442 quodam
756 3357 947 3422 foramine
966 3359 1126 3426 cerebro
1145 3363 1373 3428 commissus

222 3467 430 3532 videbatur
450 3469 485 3528 et
511 3463 603 3528 item
623 3463 688 3548 qui
709 3465 755 3530 ab
775 3465 947 3531 auribus.
984 3465 1040 3532 nd
1063 3465 1240 3553 lingnam
1260 3471 1373 3538 etism

223 3573 330 3639 etad
354 3571 487 3639 oculos
511 3571 741 3637 ferebantur
764 3573 1004 3660 propagines
1028 3595 1071 3638 ex
1095 3575 1278 3644 cerebro?
1315 3577 1372 3644 His

225 3681 332 3746 verbis
352 3679 574 3746 Erasistratus
598 3679 721 3745 fatetur
745 3703 779 3744 sc
804 3680 846 3763 id,
868 3682 954 3766 quod
974 3681 1065 3766 prius
1083 3681 1279 3770 ignorasset,
1301 3689 1373 3752 tunc

223 3789 394 3874 perspicue
419 3787 548 3871 vidisse,
571 3809 683 3852 omues
707 3810 824 3854 ucrvos
845 3811 863 3852 a
887 3789 1020 3854 cerebro
1044 3789 1173 3856 exoriri.
1210 3789 1260 3858 De
1284 3797 1371 3880 qunt-

225 3899 299 3962 tuor
331 3895 431 3960 etiam
463 3895 531 3959 eius
565 3895 769 3978 ventriculis,
802 3917 883 3980 quos
917 3917 1002 3962 anno
1037 3899 1112 3960 ante
1144 3919 1212 3965 non
1244 3901 1373 3979 viderat,
1454 3957 1455 3960 ,

224 4005 374 4070 accurate
408 4003 550 4088 scripsit.
604 4000 727 4078 Quodsi
761 4003 862 4068 etiarn
896 4003 930 4070 in
963 4003 1147 4070 visentibus
1180 4007 1371 4076 animalibus

224 4111 483 4198 experimentum
516 4111 663 4193 fecisset,
696 4111 782 4196 quod
814 4133 874 4178 nos
901 4134 967 4179 nou
995 4111 1095 4178 semel
1124 4116 1222 4199 atquc
1251 4115 1372 4196 iterum,

225 4219 281 4284 sed
314 4217 444 4304 saepius
483 4217 633 4302 fecimus,
666 4223 752 4284 certe
785 4218 993 4306 cognovisset
1024 4218 1139 4286 duram
1171 4241 1371 4312 crassumque
