3020 5004
555 399 802 466 -101—

81 581 110 642 p.
135 557 228 623 med.
254 563 387 624 οἴονται
415 559 450 624 in
478 556 766 646 παρεφυλαξάμην
793 563 827 626 et
855 566 968 648 οἴομαι
996 585 1056 631 uec
1083 587 1115 652 p.
1138 565 1205 633 406
1231 591 1260 637 a.

82 687 122 732 m.
146 665 292 750 λέγοιτο
316 667 351 732 iu
375 663 544 751 λέγοιντο,
572 689 770 756 quamquam
800 693 830 755 p.
856 670 919 735 73⁴
948 671 1030 737 med.
1056 677 1144 738 recte
1171 673 1259 740 ride·

81 779 159 840 runt
189 799 264 840 non
293 773 418 858 ἕλοιτο,
449 775 505 841 scd
534 773 664 844 ἕλοιντο
691 777 866 864 legendnm
895 801 974 844 essc.
1025 779 1070 845 Et
1102 780 1258 866 quonism

81 909 131 948 ται
160 889 200 949 et
226 907 265 949 το
291 883 487 950 commutari
506 884 671 970 solebant,
694 887 901 970 factumest,
925 891 962 952 ut
981 884 1177 972 έγέγραπται
1195 913 1257 978 pro

82 991 294 1074 ἐγέγραπτο,
318 987 460 1057 δύναται
484 1015 544 1077 pro
563 989 719 1066 δύναιτο,
743 993 873 1079 aliaque
898 993 1080 1062 alibrariis
1099 1019 1256 1082 poneren-

80 1114 148 1184 tur,
179 1121 289 1184 quare
317 1123 384 1165 non
412 1101 634 1166 dubitavimus
663 1124 693 1186 p.
720 1101 784 1166 703
809 1125 837 1166 a.
866 1101 948 1166 med.
977 1107 1068 1186 είπερ
1096 1098 1161 1190 γὰρ
1188 1099 1255 1174 ὑπο

80 1204 194 1290 τυρὸς
218 1202 236 1293 ip
256 1205 356 1285 πέυις
371 1206 550 1292 ἐγίγνετο
565 1209 635 1274 τῶν
652 1212 769 1275 σιτίων
788 1232 848 1295 pro
869 1211 1029 1294 γίγνεται,
1052 1233 1136 1296 quae
1155 1213 1254 1282 lectio

81 1317 240 1382 codicum
266 1327 330 1384 est.
358 1317 530 1382 restituere
559 1321 591 1382 et
614 1341 644 1402 p.
669 1319 735 1384 5Ῑό
764 1342 791 1382 a.
815 1322 869 1382 fiu.
897 1313 1165 1402 προσηγορεύετο
1192 1345 1254 1408 pro

80 1419 372 1511 τροσηγόρευτιτι;
396 1448 428 1509 p.
447 1425 512 1490 398
537 1449 566 1511 p.
586 1425 669 1490 med.
692 1425 905 1492 Posidonium
929 1447 996 1492 uon
1020 1431 1085 1492 είτε
1104 1451 1189 1513 προς
1206 1431 1253 1520 τῷ

79 1531 223 1616 μεγέθει
254 1532 323 1596 τῶν
349 1531 568 1616 φαινομένων
595 1531 648 1598 καί
679 1528 742 1617 την
769 1527 953 1598 ιἰσθένειαν
978 1533 1038 1618 τῆς
1062 1535 1171 1622 ψυχῆς
1193 1539 1253 1604 at-

78 1637 297 1706 τιάσοιντο
321 1637 376 1705 καὶ
399 1635 455 1706 ded
474 1641 574 1706 τοῦτο
593 1679 636 1688 -
657 1639 787 1724 ἐροῦσι.
812 1641 867 1705 sed
891 1635 1127 1709 αἰτιάσονται
1151 1645 1252 1732 scrip·

79 1751 166 1815 sisse
194 1748 416 1814 certissimum
436 1753 495 1814 est.
527 1749 693 1835 Frequens
718 1751 818 1815 etiam
843 1755 892 1813 est
916 1750 1116 1834 permutatio
1141 1755 1251 1821 termi-

78 1859 261 1924 nationum
285 1861 368 1921 σθαι
392 1859 424 1920 et
447 1880 516 1936 ται,
545 1861 721 1941 γίγνεσθαι
754 1864 786 1923 et
813 1861 976 1942 γίγνεται,
1004 1855 1251 1944 πεισθήσεσθαι

78 1980 109 2031 et
134 1961 378 2050 πεισθήσεται,
401 1965 485 2048 quod
510 1963 628 2030 vitium
653 1966 793 2032 editores
817 1965 904 2051 fugit
927 1989 957 2051 p.
981 1966 1043 2030 321
1071 1971 1165 2052 exta,
1192 1969 1249 2036 ubi

77 2075 126 2139 illi
155 2069 250 2138 οὕτω
275 2067 311 2138 dt
336 2070 510 2155 λέγεσθαι.
533 2095 593 2138 nos
613 2067 701 2138 οὕτω
722 2071 758 2138 dt
778 2071 831 2138 καὶ
852 2071 980 2157 λέγεται
999 2073 1150 2159 legimus.
1179 2073 1250 2144 Nec

76 2181 266 2267 praeterire
289 2179 351 2245 hoc
374 2180 448 2246 loco
471 2179 550 2245 licet
569 2181 859 2248 commutationem
884 2181 1028 2246 exituum
1052 2205 1105 2246 ται
1130 2185 1164 2247 et
1184 2191 1249 2270 τες,

77 2290 242 2374 adquam
261 2287 384 2373 aliquid
404 2287 508 2352 valuit
527 2291 752 2372 pronuntiatio
771 2289 856 2354 falsa
871 2287 1068 2375 diphthongi
1085 2313 1136 2372 αι,
1156 2291 1247 2358 cuins

76 2397 215 2482 (pridem
242 2396 391 2482 exempla
418 2419 484 2462 nou
513 2419 616 2482 pauca
645 2397 678 2462 in
708 2397 875 2463 codicibus
902 2395 999 2462 nobis
1028 2405 1248 2486 occurrerunt,

76 2505 193 2590 qualia
222 2503 373 2580 τιθέντες
400 2527 460 2588 pro
490 2507 657 2583 τίθενται,
690 2507 906 2588 περαίνονται
939 2525 999 2589 pro
1031 2507 1247 2588 περαίνοντες

76 2613 132 2678 (cf.
157 2613 366 2696 l'rogranun.
387 2615 490 2676 nostr.
512 2610 560 2690 Π,
587 2613 641 2696 10,
667 2613 709 2684 Si.
755 2612 870 2698 ltaque
893 2635 953 2678 uos
978 2635 1008 2698 p.
1032 2613 1097 2678 548
1121 2614 1165 2680 in.
1187 2615 1246 2702 της

9 2753 10 2758 ’
76 2719 245 2804 γενέσεως
268 2713 330 2786 οὐκ
353 2713 587 2804 ἀφαιροῦμαι
612 2721 830 2788 restituimus:
856 2719 946 2785 codd.
970 2725 1002 2784 et
1027 2719 1095 2786 edd.
1119 2721 1244 2789 habent

74 2825 310 2914 ἀφαιροῦμεν,
334 2829 418 2913 qnod
444 2850 481 2892 cx
504 2821 712 2912 ιἰηαιροῦηιες
737 2829 787 2892 rel
806 2821 995 2912 ίιηταιροῦμε
1019 2835 1134 2893 natum
1158 2829 1243 2894 vide-

75 2946 145 3022 tur,
172 2941 203 3003 ct
229 2959 260 3021 p.
279 2939 344 3002 414
368 2935 454 3020 init,
478 2935 533 3000 nbi
558 2935 770 3002 Maritha:
795 2929 851 2999 ὸιτί
875 2931 980 3019 λόγου
1002 2931 1065 3021 μέν
1087 2936 1243 3003 πεισθέν-

73 3071 128 3123 τες
152 3081 200 3092 -
221 3039 297 3110 οὔτε
317 3043 504 3128 φοβοῦνται
527 3038 603 3108 οὔτε
623 3044 824 3122 λυποῦνται,
849 3047 1036 3126 φαντασίας
1055 3035 1087 3108 d’
1105 3041 1243 3112 ἐκείνων

74 3147 194 3218 αὐτῶν
217 3147 491 3237 λαμβάνονται,
518 3173 578 3216 nos
603 3151 699 3216 fidem
724 3150 845 3216 codicis
868 3149 895 3216 L
924 3153 1028 3217 secuti
1052 3147 1243 3237 λαμβάνον-

72 3285 138 3338 τες
163 3257 347 3326 refecimus.
392 3257 462 3325 Nec
485 3280 560 3324 raro
584 3259 826 3325 confunduntur
848 3281 884 3324 κε
908 3263 941 3324 et
964 3275 1016 3332 σε,
1038 3259 1187 3327 velutin
1210 3261 1240 3328 Α

73 3393 103 3454 p.
119 3367 191 3434 :380
206 3373 286 3433 extr.
305 3364 509 3451 συνέστηκεν
527 3389 587 3452 pro
607 3365 811 3451 συνέστησεν
829 3365 942 3453 (ξυνα,
961 3367 995 3431 in
1010 3365 1240 3458 MAfflOhK)

73 3501 103 3562 p.
131 3477 198 3542 755·
225 3475 268 3541 in.
298 3468 446 3560 ἠρώτησε
473 3497 534 3560 pro
565 3467 711 3558 ἠρώτηκε
741 3473 900 3560 seriptum
929 3479 1045 3540 exstat.
1090 3473 1239 3563 Denique

73 3585 272 3651 obliteratae
301 3587 399 3649 notae
427 3582 462 3648 in
490 3581 578 3646 exitu
606 3583 780 3646 verborum
804 3582 947 3647 usitatae
976 3583 1094 3648 menda
1120 3605 1239 3670 genue-

71 3699 165 3776 rant,
195 3691 305 3777 qualia
334 3713 366 3776 p.
390 3691 455 3755 635
484 3693 559 3755 ante
588 3691 641 3755 tin.
666 3689 698 3754 in
723 3687 962 3779 Mafflt'hn')
992 3692 1155 3757 συνιστᾶν
1176 3714 1237 3777 pro

70 3795 275 3867 συνιστάναι
299 3795 427 3886 (ξυνα),
451 3822 481 3884 p.
498 3799 562 3862 iro
587 3796 668 3862 ruod.
693 3794 755 3882 χρη
780 3821 838 3882 pro
863 3799 993 3882 χρῆναι.
1026 3799 1060 3865 P.
1077 3800 1140 3866 756
1155 3793 1235 3868 extr.

71 3909 105 3975 M
128 3909 268 3994 praebet
288 3909 427 3990 διαιρεῖ,
451 3905 513 3972 AB
535 3906 726 3988 διαιρεῖται,
751 3903 837 3972 Chii
862 3907 1047 3992 διαιρῆται,
1069 3929 1130 3974 nos
1150 3909 1236 3974 διαι-

70 4021 209 4101 ρεῖσθαι
234 4015 289 4104 (cf.
314 4035 412 4098 supra
437 4035 467 4098 p.
491 4013 549 4100 33)
571 4014 808 4100 reparavimus.

161 4125 272 4211 Atque
297 4121 398 4187 etiam
420 4121 455 4186 iu
479 4143 592 4188 eornm
611 4121 859 4208 vocabulorum,
883 4145 964 4208 qnae
985 4121 1256 4216 adverbiorum„

69 4231 373 4320 Praepositiouum,
398 4225 687 4316 Coniunctionum,
709 4231 951 4297 Particularum
974 4231 1106 4301 nomine
1130 4233 1232 4300 conti·

66 4329 321 4426 nenturjexitu
348 4337 450 4402 variis
478 4337 584 4404 modis
605 4342 777 4424 peccatum
805 4341 865 4404 est.
910 4338 1232 4423 Permutanturttev

67 4452 99 4516 et
127 4453 181 4538 θα
211 4443 382 4532 ἑτέρωθεν
411 4467 485 4512 cum
514 4441 654 4531 ἑτέρωθι
681 4468 749 4514 non
777 4446 878 4513 semel
907 4449 1035 4514 tantum
1061 4447 1097 4514 in
1119 4445 1168 4536 M,
1195 4447 1231 4516 in
