2992 5034
614 281 865 348 -ror-

160 443 227 530 γὰρ
249 440 316 512 ὑπὸ
349 445 411 512 τοῦ
438 444 621 529 τέμνοντος
650 443 689 510 ἐν
711 443 757 532 τῷ
780 443 975 532 τεμνομένη)
999 445 1177 528 διαίρεσις,
1204 442 1242 508 ἓν
1269 439 1327 508 rud

159 547 285 619 ταύτὸν
307 547 507 638 ὑπάρχουσα
530 555 678 638 πρᾶγμα,
701 553 763 616 τοῦ
787 547 849 636 μὲν
872 551 1055 637 τέμνοντος
1078 549 1240 638 ἐνέργεια,
1262 551 1327 617 τοῦ

160 657 198 726 δὲ
221 659 429 746 τεμνομένου
451 658 564 738 πάθος
592 659 693 726 ἐστίν.
740 653 848 734 οὕτως
876 647 941 724 οὖν
968 657 1022 724 καλ
1046 654 1066 726 ὁ
1093 659 1207 746 θυμὸς
1232 657 1327 744 ἐνέρ-

159 791 235 852 γεια
261 765 325 854 μέν
352 767 420 834 ἐστι
449 769 511 835 τοῦ
539 767 763 852 θυμοειδοῦς,
790 761 934 852 πάθημα
962 762 1000 832 ὑὲ
1023 767 1092 833 τῶν
1114 767 1327 854 dotacionis·

132 875 269 960 ιψυχῐης
304 871 367 941 ιλάο
396 877 508 960 μερῶν
540 873 596 940 md
625 874 759 959 προσέτι
789 875 851 940 τοῦ
879 871 1034 960 στόματος
1062 869 1157 960 ἡμῶν
1188 871 1326 953 παντός,

160 977 243 1050 ι’)’τιιν
271 977 335 1050 ὑπὸ
363 985 425 1051 τοῦ
458 984 573 1069 θυμοῦ
599 985 718 1068 βιαίως
745 978 863 1068 άγηται
897 979 982 1068 πρὸς
1009 979 1067 1062 τὰς
1094 978 1236 1068 πράξεις.
1286 983 1326 1048 ἓν

159 1087 222 1176 μὲν
246 1087 288 1176 δὴ
312 1091 412 1157 τοῦτο
435 1086 473 1156 τὸ
498 1087 750 1176 σημαινόμενον
770 1087 929 1175 ἑκατέρου
951 1093 1021 1156 τῶν
1044 1085 1234 1176 ὀνομάτων,
1257 1087 1325 1154 ἕτε-

160 1222 225 1283 ρον
257 1194 294 1264 δὲ
323 1192 387 1283 τὴν
414 1195 478 1283 μὲν
505 1197 679 1283 ἐνέργειαν
705 1193 788 1264 κατὰ
816 1192 923 1279 φύσιν
950 1195 1027 1263 τινὰ
1060 1201 1195 1282 κίνησιν
1229 1190 1326 1281 ἡμῶν

163 1301 348 1388 νοοάιιτων,
371 1301 409 1371 τὸ
434 1301 471 1370 di
494 1301 606 1382 πάθος
628 1299 719 1388 παρὰ
743 1299 859 1387 φύσιν.
895 1305 1071 1390 πολλαχῶς
1093 1302 1130 1370 δὲ
1153 1299 1325 1370 τουκατά

121 1408 267 1497 audac
300 1413 485 1499 λεγομένου
518 1414 618 1479 τοῦτο
652 1405 790 1477 άκοάειν
822 1409 884 1498 χρὴ
915 1413 996 1482 νῦν.
1029 1405 1048 1479 δ
1076 1407 1160 1479 κατὰ
1187 1413 1326 1496 πρῶτον

160 1516 266 1603 λόγον
285 1514 350 1586 ὑπὸ
369 1521 428 1606 της
446 1517 580 1606 φύσεως
598 1523 735 1604 γίνεται.
772 1515 855 1584 κατὰ
878 1521 1013 1608 πρῶτον
1032 1517 1068 1587 δὲ
1089 1517 1194 1604 λόγον
1212 1518 1325 1586 ἐκεῖνα

161 1629 322 1712 γίνεσθαί
346 1651 459 1713 φαμεν
486 1623 552 1693 ὑπὸ
579 1627 638 1712 της
671 1623 818 1712 φάσεως,
846 1617 896 1692 ῶν
927 1623 1038 1712 ῶσπερ
1067 1629 1204 1695 σκοπῶν
1233 1621 1325 1692 άντι-

160 1745 304 1800 ποιεῖται
334 1733 390 1800 καὶ
422 1731 467 1821 μὴ
501 1731 558 1800 διὰ
595 1729 807 1802 άκολουθιάν
837 1731 914 1802 τινὰ
952 1733 1077 1820 ἑτέροις
1109 1735 1143 1814 ἐξ
1175 1729 1326 1820 ἀνάγκης

161 1839 282 1909 ἕπεται.
318 1837 500 1928 ἡτοιαύτη
524 1845 656 1928 κίνησις
678 1839 899 1928 κατὰφύσιν,
922 1849 988 1910 εἶτε
1011 1843 1045 1924 ἐξ
1069 1839 1176 1911 αὑτοῦ
1194 1853 1324 1910 κινοῖτο

122 1972 147 2013 rs
160 1953 199 2017 τὸ
229 1945 434 2037 κινούμενον
462 1944 530 2016 εἴθ’
557 1945 617 2036 ὑφ’
649 1949 774 2036 ἑτέρου.
820 1947 885 2038 ἤδη
914 1949 977 2038 μὲν
1005 1941 1070 2018 οὖν
1100 1947 1192 2037 οἶμαι
1216 1947 1324 2037 σαφὲς

94 2052 250 2136 ωςεῖναι
277 2053 315 2124 τὸ
344 2055 554 2148 λεξγόμευοιι,
582 2053 666 2124 άλλίι
691 2051 794 2124 οὐδὲν
823 2071 939 2144 χεῖρον
967 2057 1019 2126 ἐπὶ
1042 2057 1325 2146 παραδειγμάτων

199 2261 212 2309 l
238 2253 390 2324 τέμνοντος
414 2249 548 2338 ἐνέργεια
577 2253 701 2340 arnissis,
729 2271 809 2338 quac
826 2253 976 2310 interiecta
1000 2259 1079 2314 sunt.
1107 2254 1202 2312 uerbis
1226 2255 1262 2310 n.
1288 2287 1324 2298 -

161 2322 547 2415 oongdcroivdcioLoe
573 2323 703 2412 σώματος
722 2322 830 2388 παντὸς
854 2323 1046 2397 drosela.—
1008 2325 1141 2396 -7ιλη
1161 2327 1267 2384 οιιιλι.
1288 2359 1323 2370 -

163 2393 301 2465 ιτατέρου
320 2394 378 2454 L
363 2395 504 2486 andrapon
518 2393 583 2452 M
568 2397 708 2484 ειιατὲριυτ
727 2397 922 2452 ΑΒΟλιλλμ-
943 2407 959 2454 9
979 2347 1159 2483 πολλαχῶςηλι
1177 2402 1323 2486 πολλαχοῦ

161 2468 395 2527 MABCLKJ-
418 2477 452 2524 10
471 2466 506 2526 σά
488 2488 575 2560 ηιιο
595 2464 719 2525 ὅλα·
747 2477 778 2526 12
799 2489 861 2548 της
867 2487 922 2558 qm.
942 2469 1032 2527 L.—
1058 2479 1090 2526 13
1114 2465 1185 2555 μάλ
1204 2466 1324 2526 daolon-

161 2543 235 2597 θίαν
253 2539 355 2598 ABch
374 2541 412 2612 μὶ,
433 2537 497 2597 κατ’
517 2546 597 2596 αιιολ.
617 2541 698 2598 Com.
717 2573 753 2582 -
778 2549 812 2598 λλ
832 2549 874 2598 m
878 2537 937 2610 ’ἐξ
957 2542 1047 2598 L.-
1013 2537 1161 2598 -αάτοῦ
1180 2541 1323 2600 MABCL

163 2643 196 2656 -
216 2609 342 2669 τινοῖτό
361 2635 416 2670 ιιιν.
435 2613 473 2669 λλ.
491 2645 527 2656 -

164 2819 297 2882 tanturn
328 2815 460 2880 distent
513 2813 600 2880 Nam
634 2837 718 2900 quae
751 2817 793 2882 ab
825 2815 989 2882 incidento
1021 2816 1057 2882 in
1083 2838 1119 2882 rc
1150 2814 1257 2882 incisa
1285 2815 1327 2882 fit

163 2922 298 3008 divisio,
320 2945 394 2988 cum
418 2945 484 2988 una
507 2922 685 3009 eademque
708 2947 760 2990 res
784 2925 842 3008 sit,
870 2923 1045 2991 incidentis
1069 2922 1171 3007 actio,
1200 2921 1325 2990 incisae

164 3030 294 3096 affectio
318 3035 377 3096 cst.
424 3031 548 3096 Eodem
576 3033 674 3116 pacto
701 3031 871 3098 iracundia
899 3033 986 3098 actio
1014 3031 1119 3118 partis
1142 3031 1326 3117 irascentis,

164 3137 364 3225 reliquarum
393 3143 503 3203 antem
532 3137 669 3204 duarum
698 3139 800 3206 animi
832 3141 977 3226 partium
1000 3145 1034 3205 ct
1062 3139 1197 3224 insuper
1218 3139 1324 3206 totins

165 3247 312 3334 corporis
334 3247 452 3328 nostri,
476 3269 550 3312 cunr
573 3247 741 3312 iracundia
766 3247 807 3312 ad
831 3249 976 3314 actiones
1001 3247 1162 3314 violenter
1183 3247 1326 3332 impelli·

165 3360 229 3440 tur,
251 3355 380 3422 affectio
405 3360 464 3420 est.
501 3355 609 3441 Atque
632 3353 714 3420 hacc
734 3379 798 3421 una
818 3360 868 3421 est
891 3357 1060 3442 utriusque
1083 3356 1202 3423 horum
1220 3355 1327 3422 nouri-

164 3487 244 3531 num
268 3463 480 3550 significati03
505 3463 610 3530 altera
634 3467 693 3548 est,
717 3487 790 3530 cunr
810 3465 973 3530 actionem
997 3468 1123 3530 motum
1146 3463 1326 3532 secundnm

164 3561 327 3658 naturam,
351 3573 556 3638 adactionem
580 3577 694 3638 contra
718 3577 871 3638 naturam
894 3571 1126 3660 intellegimus.
1163 3571 1226 3639 Sed
1249 3595 1326 3639 cum

164 3681 246 3749 illud
284 3681 460 3748 secuudum
494 3696 649 3747 naturam
687 3681 800 3746 multis
837 3681 944 3746 modis
982 3681 1123 3766 incatur,
1157 3703 1244 3747 nunc
1276 3681 1328 3747 irs

166 3791 392 3878 accipiendum
421 3795 485 3875 est,
518 3813 589 3855 esse
618 3789 666 3873 id,
695 3787 782 3875 qnod
810 3791 918 3874 prima
941 3789 1068 3854 ratione
1093 3811 1113 3854 a
1135 3793 1253 3854 natine
1277 3789 1328 3855 fit.

165 3899 278 3968 Prima
307 3878 417 3965 autern
444 3899 573 3965 ratione
598 3919 635 3963 ea
663 3919 683 3963 a
710 3901 829 3962 natura
857 3897 928 3962 fien'
955 3897 1107 3982 dicimus,
1135 3919 1217 3984 quae
1241 3901 1327 3963 tarn-

166 4031 265 4097 quarn
297 4009 378 4074 fines
412 4007 454 4072 ab
487 4028 526 4071 ca
559 4009 775 4092 appetuntur,
807 4027 874 4072 non
906 4027 989 4091 qnae
1013 4027 1053 4070 cx
1085 4005 1327 4072 consecutionis

166 4116 336 4184 cuiusdam
358 4117 554 4181 necessitate
578 4114 654 4179 aliis
677 4114 861 4179 succedunt.
903 4114 992 4179 'l'alis
1016 4115 1127 4181 motus
1146 4113 1327 4182 secandum

165 4228 318 4292 naturam
343 4228 401 4306 cst,
425 4223 503 4306 siro,
525 4221 612 4309 quod
632 4236 790 4304 moretur,
814 4245 853 4287 cx
876 4245 947 4288 sese
971 4203 1040 4287 sive
1064 4223 1106 4288 ab
1130 4221 1197 4290 alio
1215 4243 1328 4288 moro·

166 4335 230 4399 tur.
290 4332 407 4398 Patere
440 4331 507 4396 iam
544 4330 702 4416 arbitror,
734 4331 820 4418 quod
856 4330 943 4418 dico;
980 4329 1097 4397 melius
1130 4333 1242 4398 λιιιιιτιι
1273 4334 1330 4398 est
