3012 5010
570 347 817 414 -269-

86 505 194 593 σμὸν
225 504 397 593 ἄρρωστον
430 501 450 594 ἢ
478 503 605 594 ἀμαθῆ.
650 511 682 574 et
707 505 770 595 μὶν
797 503 862 593 γὰρ
889 503 945 574 καὶ
975 503 1094 592 ῥώμην
1120 503 1176 573 καὶ
1204 505 1273 573 ἐπι-

86 611 240 699 στήμην
262 617 347 700 ἔχοι.
370 613 527 702 κρατήσει
550 613 685 694 πάντως
708 612 727 683 ὅ
750 639 784 682 τε
808 611 970 700 λογισμὸς
991 615 1054 681 τοῦ
1076 614 1193 700 θυμοῦ
1215 611 1271 680 καλ

86 719 106 788 ὁ
139 719 286 808 ἡνίοχος
307 725 370 790 τοῦ
398 725 518 790 ἵππου·
547 727 578 790 εἰ
600 721 637 790 δὲ
661 719 735 810 ἤτοι
758 721 908 808 θατέρου
934 719 1066 788 τούτων
1094 715 1114 808 ἢ
1142 716 1272 809 ἀμφοῖν
1296 789 1298 792 ,
1389 743 1397 750 ·

88 844 272 915 στεροῖτο,
294 834 455 910 κίνδυνος
476 831 625 899 ἐνταῦθα
647 833 710 898 τοῦ
728 829 829 917 φύσει
849 835 1039 916 κρείττονος
1057 829 1272 917 ἐπικρατῆσαι

86 937 130 1006 τὸ
163 952 299 1025 χεῖρον,
332 936 443 1025 ὥσπερ
472 940 510 1006 ἐν
533 937 691 1015 Σκύθαις
717 963 751 1006 τε
780 937 835 1004 καὶ
860 933 1025 1016 Γαλάταις
1052 935 1108 1004 καλ
1136 941 1307 1015 πολλοῖςτ

88 1045 226 1125 ι’ἶλλοις
253 1045 439 1138 βαρβάροις
466 1051 605 1114 ἔθνεσιν
633 1043 651 1114 ὁ
675 1042 787 1133 θυμὸς
819 1049 979 1140 κρείττων
1007 1046 1069 1113 τοῦ
1095 1046 1272 1132 λογισμοῦ,

88 1151 200 1242 παρὰ
227 1150 308 1241 ἡμῖν
336 1153 372 1222 δὲ
397 1160 435 1222 ἒν
461 1181 496 1224 τε
526 1154 620 1223 παισὶ
649 1156 703 1222 καὶ
732 1168 803 1232 τοῖς
830 1149 1045 1233 ἀπαιδεύτοις
1067 1148 1272 1240 ἀνθρώποις.

82 1261 247 1349 ’Όμηρος
269 1262 306 1331 δὲ
331 1259 374 1349 δὴ
398 1264 498 1331 τοῦτο
522 1259 604 1330 αὐτὸ
634 1262 792 1343 ἐπιδεῖξαι
818 1258 1025 1348 βουλόμενος
1038 1258 1183 1347 Ἕκτορα
1209 1257 1273 1348 μὲν

89 1370 157 1438 καὶ
187 1365 335 1457 Ἀχιλλεά
358 1375 417 1438 κατ’
436 1397 531 1451 τινας
550 1371 683 1456 ἑτέρους
705 1369 881 1449 τοιούτους
899 1371 999 1460 θυμῷ
1021 1369 1026 1457 l
1047 1365 1274 1448 δουλεύοντας
1282 1389 1341 1447 804
1433 1429 1437 1436 .

93 1475 306 1546 ὑποτίθεται
342 1483 552 1558 νεανίσκους·
581 1474 740 1546 Ὀδυσσέα
777 1477 814 1545 δὲ
847 1477 902 1545 καὶ
934 1475 1185 1564 Πολυδάμαντα
1217 1475 1273 1544 καλ
1287 1503 1314 1543 ιο

93 1587 267 1672 Νέστορα
294 1589 339 1676 τῷ
369 1589 517 1678 λογισμῷ
545 1589 752 1670 κρατοῦντας
779 1589 840 1654 τοῦ
864 1586 996 1672 θυμοῦ,
1023 1581 1185 1663 πολλάκις
1212 1583 1274 1672 μὲν

95 1692 219 1772 οὕτως
243 1696 399 1780 ἰσχυρῶς,
423 1691 469 1774 ὡς
491 1694 574 1782 μηδὲ
595 1695 774 1781 ἐξορμῆσαι
798 1693 882 1780 πρὸς
904 1691 1031 1779 ἄλογόν
1054 1717 1130 1759 τινα
1152 1693 1275 1780 πρᾶξιν

94 1801 169 1870 τὸν
189 1801 318 1888 θυμόν,
338 1807 429 1870 ἔστιν
449 1799 502 1872 ὅτε
523 1801 560 1870 δὲ
580 1798 735 1888 ὁρμῶντα
754 1801 827 1888 μέν,
846 1797 930 1868 ἀλλὰ
949 1797 1014 1868 ὑπὸ
1028 1802 1091 1867 τοῦ
1109 1801 1275 1888 λογισμοῦ

95 1907 347 1996 κατεχόμενον,
370 1907 481 1999 ὥσπερ
504 1906 569 1977 κάν
591 1913 704 1977 τοῖσδε
728 1921 799 1987 τοῖς
822 1911 935 1975 ἔπεσιν
956 1903 1115 1976 Ὀδυσσέα
1138 1914 1274 1995 πεποίη-
1392 1961 1399 1970 .

96 2039 180 2085 κεν·
205 2015 337 2084 ἅπαντα
361 2016 398 2085 δὲ
422 2019 540 2105 ἐφεξῆς
563 2014 647 2085 αὐτὰ
671 2015 897 2104 παραγράψω·
1289 2002 1322 2080 ue⁴

153 2119 245 2191 ’ἕνθ’
269 2120 425 2204 Ὀδυσεῦς
447 2129 633 2213 μνηστῆρσι
656 2124 742 2192 κακὰ
765 2125 923 2213 φρονέων
946 2123 996 2193 tvl
1020 2127 1136 2218 θυμῷ,

154 2227 253 2298 ‘uest'
281 2231 515 2319 ἐγρηγορόων·
539 2233 593 2301 ταὶ
618 2230 649 2302 δ’
677 2234 712 2301 ἐκ
735 2231 896 2322 μεγάροιο
920 2241 1078 2320 γυναῖκες
1140 2235 1144 2241 ’

143 2402 162 2448 4
183 2390 287 2463 καιρὸς
305 2412 357 2466 pro
376 2397 509 2458 κίνδυνος
523 2397 553 2452 Ιι.
575 2427 604 2436 -
626 2402 642 2450 5
662 2387 756 2462 οἷσπερ
775 2390 830 2465 γὰρ
849 2389 984 2458 Σκῦδαις
1001 2393 1061 2450 MA
1080 2387 1150 2450 ῦοπ.
1170 2389 1203 2450 λιι
1220 2397 1274 2452 tc.

100 2467 159 2522 LB
184 2465 233 2534 (cf.
257 2465 342 2522 Proll.
366 2485 394 2538 p.
421 2474 473 2536 41).
501 2497 535 2508 -
564 2474 580 2522 8
605 2461 710 2537 ὅμηρος
738 2463 773 2535 δὴ
803 2467 831 2524 L.
858 2497 894 2508 -
926 2474 960 2522 10
988 2462 1146 2529 νιιίνακοας
1173 2466 1210 2521 M.
1238 2497 1274 2508 —

104 2547 141 2593 14
165 2533 255 2593 ὀδνσέ
274 2537 312 2592 M.
337 2569 370 2580 —
397 2547 430 2595 lt
449 2555 527 2668 seq?
547 2539 647 2609 Odyss.
667 2539 730 2603 XX,
751 2545 857 2594 5⁸22.
876 2533 1015 2602 δδυοοιδς
1033 2538 1062 2592 M
1086 2532 1226 2602 ὀδυοτεδς
1243 2536 1274 2596 L.

103 2643 141 2652 -
167 2616 201 2664 17
223 2605 402 2680 ἐγρηγορόων
421 2609 479 2666 LM
514 2610 677 2681 γρηγορέων
696 2611 835 2668 ABChK.
856 2641 890 2652 -

104 2778 277 2844 rationem
305 2775 469 2842 infirmem
497 2776 548 2842 vel
575 2775 742 2844 indoctam
773 2799 883 2844 secum
917 2777 1039 2843 trehet
1090 2774 1213 2854 Quodsi
1242 2781 1276 2844 et
1330 2785 1336 2792 “

104 2887 234 2953 robore
258 2889 292 2950 et
321 2885 457 2951 scientia
484 2885 609 2968 valent,
637 2885 747 2952 vincet
769 2887 882 2972 utique
907 2889 940 2950 et
962 2885 1047 2952 ratio
1071 2885 1275 2952 iracundiam
1308 2893 1311 2900 “

105 3001 148 3062 et
171 3015 292 3078 equum
317 3015 428 3080 eques,
458 2993 509 3058 sin
538 2991 590 3058 vel
618 2992 723 3059 altero
751 2993 803 3058 rel
831 2997 968 3078 utroque
996 2995 1122 3078 carent,
1150 2992 1275 3079 pericu·

105 3105 183 3169 lum
209 3105 267 3184 est,
290 3123 340 3184 ne,
363 3099 449 3186 quod
471 3105 590 3166 notura
608 3099 769 3166 infirmius
795 3106 854 3185 est,
876 3101 920 3185 id,
942 3101 1029 3188 quod
1052 3101 1275 3186 preest-antius

107 3213 175 3292 est,
199 3208 320 3294 νίτρου
345 3209 435 3274 uelut
453 3205 586 3292 Scythis
611 3211 644 3272 et
663 3205 767 3273 Gallis
792 3208 969 3294 multisque
989 3207 1063 3274 aliis
1086 3207 1276 3276 nationibus

108 3317 267 3385 barbaris
286 3321 319 3382 et
342 3315 429 3401 apud
447 3337 508 3381 nos
531 3315 581 3380 vel
601 3317 711 3402 pueris
732 3315 782 3380 vel
806 3317 978 3381 ineruditis
1001 3315 1192 3382 hominibus
1214 3339 1276 3382 usu

108 3424 221 3508 venit,
243 3429 281 3489 ut
302 3423 471 3489 iracundia
498 3423 626 3490 ratione
654 3424 727 3510 plus
752 3425 869 3490 valeat.
914 3423 952 3490 Id
979 3425 1089 3511 ipsum
1113 3423 1276 3490 Homerus

111 3555 194 3601 cum
211 3532 311 3598 vellet
330 3531 510 3616 ostendere,
532 3531 709 3598 Hectorem
729 3537 761 3597 et
780 3532 945 3598 Achillem
964 3537 997 3598 et
1015 3531 1173 3618 quosdam
1193 3532 1276 3598 clios

111 3639 306 3708 huiusmodi
331 3639 463 3705 iuuenes
491 3639 679 3704 iracundiae
704 3641 952 3706 succumbentes
976 3639 1117 3724 induxit,
1144 3639 1276 3706 Ulixem

112 3771 196 3815 vero
219 3755 252 3813 et
271 3745 543 3832 Poly-camanum
568 3751 601 3812 et
617 3747 793 3814 Nestorem
818 3749 946 3814 ratione
965 3747 1057 3814 illam
1076 3747 1277 3833 cohibentes,

114 3859 309 3944 plerumque
333 3857 414 3922 adeo
438 3855 596 3941 graviter,
624 3861 661 3921 ut
686 3879 727 3922 ne
752 3858 950 3922 excitaretur
973 3855 1104 3941 quidem
1129 3856 1169 3921 ad
1192 3857 1276 3922 inse·

113 3989 197 4031 num
221 3965 343 4050 aliquid
368 3963 544 4050 agendum,
571 3963 735 4030 interdum
762 3966 825 4049 ita,
852 3967 889 4029 ut
912 3964 1110 4029 excitaretur
1136 3964 1277 4050 quidem,

114 4073 176 4139 sed
204 4095 224 4138 a
255 4073 382 4138 ratione
411 4077 687 4157 compesceretur3
720 4073 811 4138 velut
843 4072 934 4138 hiscc
967 4072 1117 4138 uersibus
1145 4071 1276 4138 Ulixem

113 4185 218 4268 poeta
240 4181 336 4246 finxit
357 4177 485 4267 (omnes
509 4179 622 4245 ordine
645 4177 859 4269 adscribam):

165 4288 290 4373 ‘Atque
313 4287 361 4353 ibi
385 4287 546 4354 sollicitus
570 4287 776 4375 vigilansque
799 4287 929 4354 iacebat
952 4287 1065 4354 Ulixes

165 4419 276 4462 secum
299 4397 410 4464 auimo
434 4397 567 4462 voluens
590 4419 735 4483 pugnum
759 4396 954 4482 caedemque
977 4415 1161 4480 procorum,
