3024 5022
715 259 959 374 ..ui-

260 473 317 558 ρία
350 467 692 556 κατωναγκιιζομίνων
723 463 789 535 ὑπὸ
825 469 884 554 τής
920 463 1082 553 ἀληθείας
1114 475 1216 536 είωθε
1254 472 1398 554 γίνεσθαι.

259 574 462 665 μεταβάντες
485 575 522 644 δὲ
546 573 648 644 πάλιν
672 571 725 662 ἐφ’
752 575 846 662 ἕτερα
870 577 938 642 τῶν
961 571 1027 644 ὑπὸ
1052 572 1158 644 αὐτοῦ
1181 575 1397 663 γεγραμμένων

261 689 309 765 είς
335 681 372 753 τὸ
396 690 619 772 προκείμενον
648 683 870 770 ἐπιδείξομεν,
898 681 987 762 ὅπως
1014 688 1069 751 καί
1098 681 1230 752 τούτων
1259 689 1327 752 ἔνια
1350 681 1398 769 μὲν

261 782 312 871 οἷς
334 789 436 872 αὐτὸς
459 789 551 860 εἶπεν
575 789 617 860 οὐ
636 805 822 880 συμφωνεῖ,
846 795 919 858 ε”νια
939 789 976 858 δὲ
1000 781 1044 859 αὖ
1063 805 1133 872 τοῖς
1152 791 1303 877 ἐναργέσι
1321 787 1398 876 prigr-

233 921 326 986 ⁵ron‚
349 897 425 968 τινίι
444 899 480 968 ἀλ
499 898 583 968 κατὰ
603 897 704 988 ἀμφω
722 901 1002 986 πεπλημμέληται.
1037 899 1093 966 καὶ
1112 897 1249 986 πρῶτόν
1266 923 1301 984 γε
1318 897 1401 964 πάλιν
1485 903 1486 908 ’

260 1002 485 1095 ἀναλάβωμεν
508 1013 556 1088 είς
579 1006 661 1094 ὅπερ
686 1005 899 1094 ἐτελεύτησεν
921 1002 939 1074 ὁ
969 1007 1266 1093 προγεγραμμένος
1288 1031 1340 1092 μοι
1361 1001 1401 1070 td·

260 1140 330 1202 γος,
353 1111 399 1195 ὦς
418 1111 529 1202 ὑγίεια
551 1115 607 1183 καί
627 1113 739 1195 νόσος,
759 1112 875 1202 αἶσχός
896 1114 1005 1182 τεκαὶ
1025 1112 1148 1194 κάλλος
1167 1115 1275 1200 νυχής
1294 1113 1328 1179 ἐν
1348 1124 1403 1188 τοῖς
1485 1131 1486 1170 ι

259 1223 373 1311 με’ρεσι
397 1229 524 1310 γίνεται
548 1219 651 1310 ιιάτής
680 1224 735 1291 καί
764 1220 809 1302 ὦς
837 1221 876 1290 ric
907 1221 990 1310 με’ρη
1018 1224 1123 1290 ταῦτα
1154 1224 1288 1288 ε’ννοιιιί
1309 1217 1403 1288 τεκαὶ

259 1328 444 1418 προλήψεις
475 1336 554 1416 είσί,
587 1329 856 1419 συγχωρήσωμεν
890 1327 979 1422 αὐτῷ
1012 1328 1075 1416 τήν
1107 1355 1145 1416 γε
1176 1327 1320 1416 πρωτην.
1364 1323 1403 1394 ὅτι
1485 1317 1486 1322 ¹

220 1459 246 1498 ιν
260 1437 323 1525 μὲν
345 1436 410 1526 γὰρ
434 1437 520 1520 ὅλως
543 1436 585 1508 οὗ
613 1441 674 1528 χρή
700 1437 783 1506 κατὰ
811 1435 870 1518 τὰς
894 1439 1062 1525 ἐνεργείας
1089 1445 1249 1505 τίθεσθαι
1274 1427 1404 1518 νόσονή

260 1541 409 1632 ὑγίειαν,
432 1543 516 1615 ἀλλά
541 1543 656 1635 αἶσχος
680 1542 699 1634 ή
723 1545 844 1624 κάλλος
867 1544 993 1632 μόνον,
1017 1551 1149 1632 είρηταί
1174 1570 1232 1634 μοι
1256 1543 1404 1630 πρόσθεν·

261 1648 313 1720 ὅτι
337 1652 374 1722 δὲ
403 1650 484 1722 οὐδὲ
512 1663 546 1723 εί
564 1682 614 1734 τις
638 1653 726 1723 οὕτω
754 1651 998 1741 συγχωρήσειε,
1026 1649 1066 1720 τὰ
1093 1655 1181 1739 γοῦν
1209 1651 1284 1739 ἑξῆς
1309 1648 1407 1736 ὀρθῶς

261 1768 399 1848 εἴρηται,
423 1765 489 1830 νῦν
507 1763 667 1844 ἐπιδεῖξαι
687 1761 899 1849 πειράσομαι.
938 1770 1029 1846 εἰπερ
1048 1759 1113 1848 γὰρ
1133 1761 1172 1828 ἐν
1189 1763 1236 1852 τῷ
1255 1757 1403 1848 μα’χεσθιι

221 1892 247 1932 ιι
261 1866 325 1937 δύο
348 1875 474 1957 κρίσεις
492 1868 651 1958 ἀλλήλαις
676 1867 694 1957 ή
714 1874 782 1938 τῶν
801 1873 924 1938 παθών
944 1871 1012 1936 ἐσσι
1038 1870 1178 1954 γένεσις,
1202 1864 1330 1954 ἀνάγκη
1352 1866 1408 1931 τῶν

194 1975 325 2052 4576150
347 1977 479 2046 τούτων
502 1985 647 2066 κρίσεων
672 1979 676 2066 Ι
702 1975 775 2065 ήτοι
799 1975 862 2065 τήν
886 1977 1002 2064 εἰίριιν
1025 1975 1089 2064 μὲν
1111 1973 1277 2064 ὑπάρχειν
1299 1970 1408 2060 ἀληθή,

260 2082 324 2172 τήν
346 2085 463 2172 ἑτέραν
487 2086 523 2154 δὲ
550 2089 656 2172 prodii
680 2081 700 2172 d
725 2083 916 2172 ἀμφοτέρας
940 2089 1089 2169 ψευδεῖς,
1118 2093 1222 2163 εἴτις
1245 2083 1299 2151 καί
1322 2085 1407 2150 τοῦτο

299 2342 313 2390 1
333 2331 606 2408 κατὰναγκαζομίνη
626 2337 656 2393 L.
678 2367 709 2378 -
731 2344 746 2391 3
768 2329 839 2405 ὅπερ
859 2337 895 2391 M.
917 2367 949 2378 -
976 2335 1099 2392 tvsrbo
1118 2333 1162 2398 οἷς
1179 2365 1216 2377 -
1236 2333 1299 2392 ἔνια
1318 2351 1367 2389 om.
1384 2330 1409 2386 L.

260 2435 296 2446 -
320 2401 386 2462 οὔδ’
402 2424 458 2534 pro
479 2407 511 2464 di
532 2409 563 2462 L.
588 2439 622 2449 -
646 2404 745 2493 ιγ-ιίιοίς
764 2407 828 2463 Lu.
854 2439 888 2494 ⁸⁸,
912 2403 1276 2496 octvampopsv1n13-
1301 2399 1410 2470 Θιιάιής

261 2479 389 2560 γίγνεται
428 2523 433 2535 .
449 2511 482 2520 -
498 2486 514 2535 9
531 2499 749 2552 συγχωρήσομεν
761 2481 790 2535 L.
803 2513 834 2520 -·
851 2501 944 2550 αυτην
959 2497 1009 2551 pro
1024 2501 1102 2554 αυτῳ
1118 2481 1147 2536 L.
1160 2510 1191 2520 --
1209 2501 1261 2548 την
1275 2497 1328 2535 om.
1343 2477 1369 2532 L.
1383 2503 1410 2514 -

261 2627 475 2640 -α--ιι-

261 2731 369 2799 fateri.
416 2731 479 2800 Sed
504 2734 544 2799 ad
569 2734 634 2800 aliu
664 2757 790 2819 rursus,
819 2757 903 2821 quae
928 2733 969 2800 od
992 2755 1062 2800 rem
1085 2735 1293 2820 propositam
1320 2733 1360 2800 ob
1381 2751 1413 2794 εο

261 2839 385 2926 scripta
409 2847 499 2927 suut,
522 2843 694 2907 redeuntes
718 2865 756 2906 εει
780 2843 902 2928 purtim
931 2841 995 2906 sibi
1019 2865 1085 2907 non
1109 2847 1275 2928 constare,
1302 2839 1411 2927 partim

262 2947 468 3014 evidentibus
496 2950 593 3015 robus
622 2973 818 3036 repugnare,
849 2950 970 3034 purtim
997 2953 1137 3034 utroquo
1162 2950 1259 3016 modo
1287 2965 1410 3034 peecare

261 3055 480 3122 ostendemus.
530 3059 578 3122 Ao
608 3060 750 3143 primum
779 3057 910 3142 quidem
938 3063 1125 3143 repetamus
1154 3056 1251 3140 illud,
1280 3053 1411 3142 quodiu

261 3165 406 3228 extrema
450 3165 597 3230 oratioue
641 3163 819 3250 Chrysippi
858 3189 878 3230 a
915 3189 967 3231 rue
1009 3165 1144 3230 laudata
1181 3165 1326 3250 positum
1362 3163 1412 3224 eu

218 3285 220 3290 '
262 3271 438 3336 sanitatem
462 3278 495 3336 et
518 3273 679 3356 morbum,
704 3271 980 3356 pulchritudinem
1004 3279 1037 3338 et·
1061 3273 1299 3358 turpitudinem
1322 3267 1411 3337 suini

262 3377 297 3443 in
319 3377 389 3442 sius
418 3379 567 3462 partibus
596 3379 667 3444 fiori
695 3385 868 3465 partesque
893 3379 953 3445 has
977 3381 1129 3447 notiones
1159 3381 1412 3466 mrtieiputiones·

262 3505 324 3572 que
352 3507 422 3551 esse
452 3488 594 3571 primum
623 3487 673 3552 illi
707 3488 931 3553 concedamus.
978 3487 1184 3575 Quamquam
1209 3489 1295 3556 enim
1325 3505 1412 3572 supra

262 3592 404 3658 diximus
446 3617 514 3660 uon
555 3595 670 3660 debere
709 3595 842 3660 omnino
876 3595 910 3660 in
955 3595 1141 3662 actionibus
1179 3598 1329 3664 morbum
1365 3596 1414 3658 aut

264 3701 455 3786 sanitatem,
483 3702 538 3767 sed
562 3701 838 3788 pulchritrutiuom
867 3707 996 3768 tantum
1020 3707 1053 3767 et
1076 3705 1314 3790 turpitudinem
1335 3697 1413 3788 poni.

260 3813 372 3875 tomen
406 3809 536 3874 etiamsi
569 3809 642 3894 quis
675 3810 757 3874 illud
791 3811 899 3894 ipsum
933 3811 1102 3894 concodat,
1135 3811 1305 3896 sequentia
1336 3811 1413 3874 certe

260 3937 328 3982 non
360 3919 447 3982 reete
477 3939 547 3981 esse
575 3915 663 3982 dictu
691 3939 776 3984 nune
812 3919 956 3984 conabor
984 3919 1164 3985 ostendere.
1214 3917 1301 3984 Nam
1329 3915 1355 3980 si
1380 3931 1412 3976 ex

261 4023 398 4089 duorum
422 4024 618 4090 iudiciorum
642 4023 727 4089 inter
750 4048 784 4090 so
813 4047 923 4111 pugna
952 4033 1043 4093 ortus
1071 4027 1353 4112 perturbationum
1374 4021 1413 4085 tit.

261 4153 393 4198 necesso
423 4133 485 4196 erit
517 4137 575 4196 nut
607 4133 748 4198 alterurn
784 4157 896 4198 verum
927 4157 1012 4216 esse,
1045 4135 1185 4200 ulturum
1219 4135 1339 4200 falsum
1364 4131 1413 4194 uut

263 4239 361 4305 umbo
382 4239 476 4324 falsa,
501 4241 527 4304 si
549 4240 645 4305 modo
665 4239 726 4306 hoe
746 4242 865 4326 aliquis
886 4247 1093 4324 concesserit,
1118 4241 1313 4308 rationalem
1336 4235 1412 4302 eninr

263 4347 488 4433 quaestionem
521 4348 630 4414 habet.
687 4347 762 4414 Sive
794 4355 904 4414 nutum
934 4349 1032 4416 ambo
1063 4349 1147 4414 salsa
1181 4351 1252 4414 sivo
1285 4351 1413 4416 ultorum
