2984 5030
578 349 618 360 -
667 315 822 380 6⁴5-

99 470 322 558 αῐσθητικὸν
345 471 477 554 ἐθέλοις
499 469 692 560 ὀνομάζειν,
717 468 759 540 σι’·
782 477 913 542 διοίσει.
958 473 1013 542 καὶ
1043 473 1169 562 ταύτην
1196 479 1279 546 ἔδει·

99 583 172 660 ξεν
203 575 221 646 ό
254 577 408 666 πρόσθιν
437 579 537 668 λόγος
569 580 756 666 ἐγκέφαλον
787 572 911 655 οὖσαν,
943 576 1003 668 ἀφ’
1033 573 1075 651 οὗ
1102 579 1210 652 πάντα
1237 581 1279 652 τὰ

99 685 220 774 μόρια
245 693 410 774 αι”σθησι’ν
433 713 467 756 τε
491 687 543 755 καὶ
569 695 705 774 κίνησιν
725 692 802 774 ἔχει.
825 687 1047 775 καθηκόντων
1071 690 1194 778 ἑτέρων
1216 689 1279 780 μὲν

101 793 253 880 νεύρων
286 799 334 876 εἰς
366 795 406 864 τα
439 799 508 865 τιδν
540 794 737 880 αἰσθήσεων
769 793 898 883 ὄργανα
931 795 1145 882 διαγνώσεως
1181 799 1279 868 ἕνεκα

99 905 186 970 τῶν
204 905 392 990 αἰσθητῶν,
412 905 535 991 ἑτέρων
549 903 586 972 δὲ
600 905 669 971 τῶν
682 903 872 998 κινούντων
890 899 976 972 αὐτὰ
994 903 1034 972 τά
1054 930 1090 991 με
1108 914 1277 975 κινεῖσθαι
1293 930 1306 970 ι

101 1009 275 1098 δεόμενα.
298 1009 453 1096 καθάπερ
477 1007 678 1098 ὀφθαλμούς
700 1036 735 1079 τε
759 1011 811 1078 nul
843 1013 993 1098 γλῶτταν
1015 1011 1070 1080 καὶ
1100 1003 1178 1082 ὦτα.
1222 1014 1279 1084 καὶ

102 1110 182 1206 γὰρ
217 1109 281 1186 οὖν
313 1118 370 1187 καὶ
401 1119 506 1185 ταῦτα
539 1117 577 1185 ἐν
608 1134 678 1198 τοῖς
710 1125 877 1199 πλείστοις
912 1122 981 1188 τιδν
1014 1117 1106 1212 ζῴων
1137 1135 1278 1190 κινεῖται

102 1227 215 1313 μυῶν
239 1227 307 1293 τῶν
331 1227 369 1292 ἐν
391 1227 432 1314 τῇ
454 1227 583 1314 κεφαλῇ
601 1225 924 1313 περιλαμβανόντων
943 1229 948 1316 l
969 1223 1065 1312 αότό,
1088 1225 1146 1296 διὰ
1169 1219 1220 1297 τόν
1243 1231 1346 1306 ulus

104 1329 200 1401 καθ’
227 1329 338 1420 ὁρμὴν
361 1330 486 1400 ἅπασαι
511 1331 660 1418 κινήσεις
686 1348 757 1412 τοῖς
786 1333 880 1424 ζςόοις
903 1337 999 1402 εἰσίν.
1045 1335 1078 1416 ἐξ
1101 1323 1152 1403 τόν
1174 1331 1280 1405 ἁπόν-

103 1467 187 1508 των
209 1455 425 1526 μαρτυρεῖται
444 1439 681 1526 προσηκόντως
700 1444 857 1526 εἰρῆσθαι
876 1439 937 1508 τὸν
960 1441 1147 1526 ἐγκέφαλον
1170 1437 1279 1532 ἀρχὴν
1293 1469 1320 1508 ιιι

106 1545 207 1616 εἶναι
230 1550 330 1616 τοῦτο
354 1546 417 1634 μὲν
440 1546 631 1634 αἰσθήσεως
653 1544 783 1632 ιἰπιὲσης
805 1562 876 1628 τοῖς
899 1547 1009 1638 ζῴοις,
1036 1551 1136 1617 τοῦτο
1161 1549 1198 1618 δὲ
1221 1554 1281 1638 τῆς

107 1651 201 1724 καθ’
228 1651 339 1742 ὁρμὴν
361 1652 533 1742 κινήσεως.
579 1657 611 1722 εἰ
633 1655 673 1722 δι’
699 1680 734 1740 γε
764 1652 809 1742 μὴ
834 1651 891 1722 διὰ
914 1655 1035 1735 ταῦτα,
1062 1661 1154 1736 τίνος
1181 1657 1279 1726 ἕνεκα

108 1761 225 1830 ἄλλον
247 1761 403 1847 γε’γονενς
435 1755 453 1848 ἢ
482 1759 539 1828 διὰ
563 1766 597 1828 τί
620 1761 681 1840 τὰς
707 1761 873 1848 μήνιγγας
903 1764 1030 1842 ἔξωθεν
1057 1759 1147 1854 αὐτῷ
1171 1765 1279 1852 περιό-

108 1895 228 1936 τεινεν
258 1865 276 1956 'l
309 1867 428 1956 φύσις,
461 1877 553 1952 εἴπερ
582 1869 620 1936 ἐν
653 1869 796 1948 ε’κιίνιιις
823 1869 885 1954 μέν
918 1869 1010 1937 ἐστιν
1038 1867 1057 1957 ἡ
1085 1873 1144 1956 τῆς
1172 1874 1280 1960 ψυχῆς

109 1972 220 2062 ἀρχή.
250 1977 361 2062 μάτην
388 1975 425 2044 δὲ
454 1977 637 2061 ἐγκέφαλος
671 1976 815 2062 e'ye'uero:
848 1974 904 2042 διὰ
934 1983 969 2043 τί
994 1974 1030 2044 δὲ
1060 1975 1181 2066 ἑκάστη
1209 1981 1278 2048 τῶν
1293 2003 1320 2044 ιι

108 2086 258 2153 κοιλιῶν
288 2079 397 2152 αὐτοῦ
433 2083 682 2170 τιτρωσκομόνη
721 2087 886 2150 κίνδυνον
918 2078 1081 2164 ὀξύτατον
1113 2085 1278 2171 ε’πιφέρεις

149 2253 168 2300 θ
191 2265 218 2300 τε
240 2263 295 2300 om.
315 2263 341 2316 μ.
368 2277 395 2284 --
426 2237 615 2313 καθηκόντων
634 2239 745 2309 νεόρων
767 2237 943 2312 ieiunando
963 2241 1004 2307 εἰς
1023 2263 1048 2316 p.
1074 2275 1106 2286 -—
1134 2252 1201 2316 δγι
1222 2265 1277 2304 om.

107 2337 138 2390 p.
164 2347 199 2358 —
221 2323 236 2370 7
257 2311 289 2372 Ie
308 2323 375 2371 aute
395 2322 453 2378 τοῖς
472 2333 523 2370 noe
542 2313 723 2370 inseruimus:
743 2313 777 2368 cl.
799 2312 883 2368 Proll.
896 2333 930 2400 μ.
953 2321 1011 2370 ισῖ.
1033 2346 1064 2356 ——
1087 2323 1102 2368 8
1123 2317 1179 2372 τῶν
1220 2319 1278 2373 nebu

108 2391 172 2446 τόν
194 2387 255 2458 bip.
283 2419 311 2428 -·
342 2395 374 2442 13
400 2381 485 2455 ἣδιᾶ
506 2381 537 2440 τὸ
557 2387 585 2441 M
608 2380 622 2454 ἢ
644 2381 717 2440 διότι
736 2385 867 2440 ABChK
895 2411 910 2453 η
936 2383 984 2440 διὰ
1005 2389 1034 2440 τι’
1050 2405 1113 2452 σοις
1137 2387 1171 2444 cf.
1214 2389 1278 2446 roll.

108 2481 140 2534 p.
162 2466 211 2517 20.
232 2489 265 2500 -
286 2452 358 2515 αδτδ
378 2458 416 2514 ld.
437 2489 466 2500 -
493 2465 524 2514 15
544 2455 575 2512 dl
596 2464 662 2512 anto
683 2452 841 2526 ἐγκέφαλος
860 2473 914 2512 om.
934 2457 1014 2514 ChK.
1036 2489 1067 2500 -—

108 2653 128 2694 e
155 2627 324 2714 principio
348 2623 503 2688 affluente
527 2621 677 2704 efficitur,
700 2619 786 2706 quod
810 2620 1010 2705 principium
1033 2621 1143 2708 ipsum
1166 2627 1277 2692 ulrum

108 2755 249 2800 sensum
274 2751 480 2797 communem
504 2751 546 2794 au
571 2729 728 2813 primum,
756 2727 840 2812 quod
866 2727 905 2792 ad
930 2749 1060 2794 sensum
1085 2733 1200 2816 apium
1224 2731 1278 2817 sil,

110 2839 288 2926 appellare
322 2837 418 2920 velis,
450 2835 531 2902 nibil
561 2837 670 2900 referi.
721 2834 793 2900 Hoc
825 2857 885 2900 nos
915 2837 1063 2920 superior
1094 2837 1278 2924 disputatio

107 2947 230 3014 docuit
254 2945 422 3011 cerebrum
448 2965 534 3028 esse,
562 2943 645 3008 unde
670 2965 782 3008 omnes
806 2949 917 3027 parles
941 2945 975 3006 et
998 2965 1127 3010 sensum
1152 2949 1186 3011 el
1209 2967 1277 3012 mo

107 3067 188 3122 tum
213 3053 481 3140 adipiscerentur,
504 3051 613 3116 neruis
638 3050 712 3114 eliis
736 3048 776 3114 ad
807 3050 975 3116 sensibilia
997 3051 1220 3138 dignoscenda
1242 3053 1276 3120 in

110 3183 274 3228 sensnum
308 3159 525 3226 instrunmento
561 3157 847 3240 descendentibus,
880 3157 954 3223 aliis
988 3159 1197 3226 moventibus
1229 3181 1278 3244 ea,

106 3291 200 3358 quae
229 3269 352 3334 moveri
386 3267 555 3348 deberent,
589 3269 625 3330 ul
648 3265 774 3346 nodos,
807 3263 969 3350 linguam,
1001 3286 1110 3330 aures:
1137 3289 1214 3334 nam
1244 3273 1277 3334 et

107 3381 180 3446 bae
205 3377 239 3442 in
264 3375 428 3462 plerisque
448 3373 645 3440 animalibus
665 3377 838 3438 moventur
860 3371 917 3454 ita,
941 3375 976 3436 ul
995 3373 1133 3438 musculi
1157 3375 1277 3460 cnpib's

106 3509 171 3552 eas
197 3481 491 3569 eomprehendanl,
515 3502 572 3566 per
596 3501 677 3564 quos
702 3501 814 3544 omues
844 3479 876 3544 in
901 3477 1099 3546 animalibus
1128 3481 1277 3548 volunta·

107 3595 188 3660 riae
213 3591 373 3656 modionas
397 3589 568 3653 exsistunt.
615 3595 705 3662 Quae
734 3585 844 3650 ouruia
871 3587 1063 3654 leslirnonio
1087 3591 1164 3654 sunl
1190 3611 1275 3654 cere

108 3705 212 3768 brnm
234 3703 302 3764 lum
324 3719 438 3764 sensus
458 3695 572 3779 onmis,
592 3702 661 3759 tum
681 3693 885 3758 uoluntariae
900 3695 1057 3760 molionis
1072 3695 1105 3760 in
1126 3694 1275 3762 animali·

105 3811 177 3876 bns
205 3805 367 3892 originem
396 3825 476 3870 esse.
532 3801 567 3867 ld
597 3801 623 3866 si
653 3823 717 3866 uon
747 3805 881 3884 propter
904 3801 999 3884 haec,
1028 3823 1204 3887 quemnam
1232 3803 1275 3869 ob

106 3915 216 3984 aliam
237 3935 370 3978 eausam
390 3911 513 3978 lanium
535 3911 607 3974 eal?
640 3909 709 3972 Aul
727 3929 785 3972 eur
803 3909 1003 3975 membranis
1024 3909 1224 3975 extrinsecus
1242 3909 1274 3976 id

105 4027 236 4092 uaiura
251 4021 388 4106 openiii,
407 4019 435 4086 si
454 4017 584 4106 quidem
602 4017 633 4080 iu
654 4015 720 4080 illis
737 4020 785 4079 est
801 4017 902 4082 animi
917 4017 1124 4102 principium,
1141 4017 1274 4102 nequid·

105 4151 214 4220 quarn
240 4133 351 4194 erdem
382 4127 506 4194 saelum
537 4125 705 4190 cerebrum
735 4127 806 4186 esi?
853 4123 935 4198 Quid
960 4136 1008 4186 est
1037 4121 1123 4208 quod
1152 4123 1273 4210 singuli

104 4234 288 4306 ventriculi
304 4235 376 4300 eine
389 4233 551 4301 vrrlnerali
567 4231 746 4318 periculum
764 4253 920 4315 praeceps
935 4229 1102 4296 inferunt?
1125 4229 1208 4308 Quid
1224 4235 1274 4296 esi

103 4343 198 4438 quod
222 4343 267 4408 ab
291 4363 331 4408 eo
349 4363 463 4410 onmes
485 4341 577 4407 nervi
597 4343 629 4403 el
648 4337 736 4404 dorsi
761 4337 899 4404 medulla
920 4337 1132 4403 exoriuntur?
1169 4335 1274 4416 Quam
