2984 5030
563 303 722 370 —ooa
767 327 818 351 -’

101 473 304 538 σκοπεῖσθαι
327 463 381 532 καὶ
401 467 506 534 ταῦτα
529 461 631 551 ἄμφω
649 462 690 531 ric
710 466 775 532 νῦν
794 465 952 552 εἰρημένοι
971 461 1026 532 καὶ
1045 461 1129 550 πρὸς
1151 465 1264 530 aaran

100 583 220 664 τρίτον
238 571 259 661 ἡ
278 571 362 640 κατὰ
381 571 542 660 ποιότητα
560 576 630 640 τῶν
649 575 801 660 συνεχῶν
820 568 1008 656 ἀλλοίωσις,
1032 569 1114 657 ὅπερ
1134 573 1140 660 Ι
1160 573 1331 646 ulvis-812

101 688 228 770 τεσθαί
246 707 304 769 μοι
329 685 492 750 ὁοιιοῦσιν
515 685 552 749 oi
572 679 721 768 θύυιιμιν
744 681 894 767 ἐπιρρεῖν
921 707 997 748 τινα
1025 679 1126 768 χωρίς
1149 675 1267 759 οὐσίας

101 789 299 879 φάσκοντες.
351 793 389 857 ui
415 787 479 876 γὰρ
506 785 589 856 κατὰ
618 785 801 856 ἀλλοίωσιν
830 793 877 869 είς
903 787 943 857 τίι
977 792 1100 876 συνεχῆ
1129 787 1266 878 σοι’ματα

101 897 368 978 anonomaston
390 893 580 984 ποιοτήτων
603 897 755 982 ἐπιρροαὶ
785 895 962 984 θυνιίμεως
989 893 1054 964 ὑπὸ
1079 892 1192 964 αύτῶν
1215 897 1293 965 λε’-ε

101 1033 239 1094 yonnae,
270 1003 439 1091 καθάπερ,
472 1001 556 1074 ὅταν
586 1003 638 1072 ἐπὶ
671 1007 735 1072 τοῦ
766 1005 979 1092 περιέχοντος
1011 999 1110 1092 ἀέρος
1139 1003 1175 1072 ἐκ
1207 1006 1265 1092 τῆς

101 1113 242 1202 ἡλιακῆς
260 1111 367 1200 αὐγῆς
385 1109 574 1242 ὁρμηθεῑσμί
593 1139 643 1192 τις
661 1111 839 1199 ποιότητος
862 1117 909 1192 είς
928 1109 1018 1179 ἅπαν
1036 1109 1143 1180 αὐτοῦ
1165 1113 1267 1199 μέρος

100 1219 284 1311 ἀφικνῆται
315 1219 485 1306 ὁιιέδοσις,
518 1215 621 1307 αὐτῆς
653 1223 712 1308 τῆς
740 1217 858 1300 οὐσίτις
884 1223 946 1288 τοῦ
973 1217 1072 1306 ἡλίου
1099 1219 1267 1356 μενούσης

100 1329 187 1400 κατὰ
205 1329 334 1419 χώραν·
358 1329 631 1398 ἐπιθέῧθειιιται
597 1356 661 1416 γαρ
681 1326 762 1418 ἡμῖν
780 1332 880 1397 τοῦτο
900 1355 984 1396 κατα
1005 1327 1069 1416 τὴν
1087 1327 1160 1416 περὶ
1186 1325 1266 1398 ἀπο·

101 1443 239 1521 ὸείξεως
256 1443 495 1526 πραγματείαν.
527 1433 657 1507 οὔκουν
671 1431 746 1506 οἷόν
760 1463 794 1505 τε
809 1443 994 1532 προχείρως
1011 1433 1267 1526 ἀποφήνασθαι,
1282 1461 1308 1500 1⁰

102 1547 249 1634 πότερον
272 1543 417 1626 ούτωςε
403 1545 648 1634 εξέγκεφύλου
667 1545 811 1633 ὁύνιιμις
835 1546 965 1631 ἐπιρρεῖ
980 1559 1051 1626 τοῖς
1072 1546 1186 1634 μέλεσι
1210 1546 1266 1617 διίι

104 1655 238 1744 νεύρων
262 1650 282 1744 ἢ
306 1657 365 1740 τῆς
383 1657 444 1724 τοῦ
462 1655 652 1744 πνεύματος
677 1651 794 1734 ούσίας
812 1653 1083 1742 παραμινομένης
1102 1651 1179 1742 ἄχρι
1196 1658 1266 1725 τῶν

103 1768 368 1850 αἰσθανομένων
396 1763 450 1832 καὶ
480 1765 693 1851 κινουμένων
716 1769 847 1850 μορίων
877 1757 895 1848 ἢ
925 1763 1020 1850 μέχρι
1048 1759 1142 1842 τινὸς
1174 1765 1266 1852 ἐμπι-

102 1871 252 1959 πτούσης
274 1885 346 1951 τοῖς
368 1870 517 1958 νεύροις,
541 1869 587 1952 ὡς
610 1869 790 1940 ἀλλοιῶσαι
817 1872 974 1958 σφοδρῶς
997 1866 1098 1958 aare,
1128 1869 1264 1942 κᾶπειθ’

104 1977 193 2049 οὕτω
222 1983 281 2068 τῆς
308 1975 518 2059 ἀλλοιώσεως
546 1977 622 2068 ἄχρι
650 1982 719 2049 τῶν
741 1981 954 2066 κινουμένων
981 1981 1093 2066 μελῶν
1115 1983 1308 2048 tralato-u

104 2089 220 2176 μένης.
261 2091 419 2156 τοιοῦτον
442 2090 528 2176 γοῦν
550 2114 581 2156 τι
606 2089 659 2156 aul
685 2086 767 2156 κατὰ
791 2087 854 2174 την
878 2083 1020 2173 ὀπτικην
1042 2093 1207 2174 αἴσθησιν
1229 2089 1266 2156 ἐν

143 2285 270 2340 lactura
288 2305 342 2356 μεν
360 2281 462 2376 ἄμφω
468 2285 549 2342 codd.
568 2285 631 2340 edd.
652 2287 705 2354 pla
730 2285 978 2370 expunximus.-
945 2281 1070 2340 -θοί
1085 2279 1159 2340 κατὰ
1178 2280 1266 2342 δύνα-

105 2377 153 2440 μιν
176 2357 258 2413 codd.
278 2357 341 2414 edd.
365 2355 396 2412 οἷ
416 2359 465 2412 καὶ
489 2353 614 2429 δύναμιν
633 2355 767 2413 Corn
738 2377 765 2440 ρι
784 2354 849 2413 δύι.
874 2375 992 2414 nos.-
959 2364 1033 2412 -θ
1058 2352 1195 2427 καθάπερ
1217 2359 1264 2414 καί

105 2451 176 2485 οταν
201 2449 287 2501 p.-
314 2426 466 2498 ’ίποιότης
490 2380 584 2488 condi*
593 2430 656 2485 edd
680 2423 829 2498 ποιότητος
851 2446 916 2490 nos:
940 2429 974 2484 el
999 2429 1085 2485 Proll.
1109 2447 1139 2514 p
1160 2437 1265 2486 95.-

106 2497 307 2572 δύφιττείται
328 2495 501 2558 MABcn'
482 2520 679 2574 αφικνητιτιῐι
707 2501 794 2557 K,-
814 2504 1002 2585 όιιτὸοθείσης
1020 2519 1071 2572 pro
1090 2497 1267 2588 διάδοσιςμ.

107 2605 140 2616 -
164 2581 181 2631 a
201 2574 267 2640 περὶ
289 2593 339 2664 της
357 2568 533 2640 ύποθειξτως
556 2574 636 2629 codd
656 2574 719 2630 edd
737 2575 803 2642 περὶ
821 2569 907 2629 ύποθ.
930 2589 1050 2629 nos.-
1015 2581 1106 2629 -11
1128 2569 1268 2645 δυνάμεις

107 2647 198 2702 lt-
221 2655 253 2702 13
272 2645 321 2701 ταὶ
340 2643 518 2718 κινουμένων
537 2665 592 2703 om.
612 2645 649 2701 M.
670 2678 702 2688 -

107 2854 250 2936 ponatur
273 2847 508 2916 consideranda
532 2869 570 2913 ao
593 2851 764 2934 praeterea
787 2845 846 2912 illa
869 2847 979 2930 tertia,
1001 2847 1165 2932 quomodo
1189 2869 1267 2936 qua-

108 2957 214 3024 litatis
246 2957 282 3023 in
314 2956 478 3022 continuis
511 2957 705 3042 corporibus
737 2955 926 3022 immutatio
959 2955 1032 3040 fiat,
1066 2957 1154 3043 quod
1179 2961 1267 3026 tacte

110 3067 294 3153 siguificare
319 3065 400 3132 mihi
424 3061 589 3148 videntur,
613 3065 669 3150 qui
692 3064 886 3130 facultatem
910 3065 1074 3151 quandam
1098 3065 1168 3132 sine
1192 3067 1268 3134 snb·

111 3173 235 3240 stantia
258 3173 394 3240 influere
418 3173 540 3242 dieunt.
584 3173 671 3240 Nam
695 3171 893 3260 qualitatum
921 3195 980 3258 per
1002 3173 1269 3244 immutationem

110 3283 142 3348 in
175 3282 330 3350 continua
358 3305 497 3368 οοτηιοττ
527 3281 766 3376 transfusiones
799 3281 968 3346 facultatis
1001 3281 1196 3350 influxiones
1226 3287 1268 3352 ab

111 3391 151 3456 iis
175 3389 394 3476 appellantur,
417 3391 520 3476 velut,
544 3413 617 3456 eum
642 3413 662 3454 a
686 3389 765 3456 solis
790 3389 890 3454 radiis
920 3391 1069 3475 profecta
1096 3392 1268 3478 qualitatis

111 3499 290 3566 translusio
313 3499 473 3586 quaedam
496 3501 531 3566 in
556 3497 732 3565 ambientis
756 3499 840 3562 aera
864 3501 993 3584 partem
1017 3522 1148 3566 omnem
1173 3523 1268 3588 pene·

112 3613 178 3674 trut
203 3607 274 3693 ipsa
293 3609 372 3674 solis
393 3607 578 3674 substantia
598 3629 657 3674 suo
676 3607 748 3672 loeo
768 3611 930 3691 manente,
953 3607 985 3672 id
1005 3607 1092 3694 quod
1115 3609 1150 3674 in
1170 3631 1269 3695 opere

111 3717 149 3782 de
177 3717 456 3784 demonstratione
484 3739 503 3782 a
530 3715 627 3782 nobis
656 3716 917 3782 demonstratum
947 3721 1008 3782 est.
1061 3717 1137 3785 Non
1166 3718 1270 3805 igitur

114 3832 219 3910 potest
245 3827 324 3910 fieri,
348 3829 384 3892 ut
408 3824 558 3891 absolute
582 3840 775 3910 promteqae
800 3827 1065 3912 pronuntiemus,
1087 3832 1198 3894 utrum
1222 3829 1269 3896 aie

113 3956 130 3996 e
153 3935 284 4001 cerebro
311 3933 452 4000 facultas
480 3955 539 4019 per
561 3955 680 3998 nervos
709 3931 743 3998 in
767 3935 915 4000 membra
938 3935 1055 4002 influat
1079 3957 1121 4002 an
1143 3935 1205 4022 ita,
1232 3943 1268 4005 ut

114 4043 247 4126 spiritus
270 4039 454 4108 substantia
479 4041 530 4106 vel
554 4039 714 4127 usquead
738 4049 849 4126 partes
869 4067 935 4128 eas,
959 4067 1042 4131 quae
1067 4045 1214 4112 sentiunt
1236 4055 1268 4114 et

116 4155 292 4234 irrorantur,
315 4149 484 4236 perveniat
507 4149 559 4215 vel
579 4171 680 4234 usque
700 4173 738 4215 eo
757 4173 876 4218 neruos
899 4157 1059 4240 penetret,
1082 4159 1117 4220 ut
1137 4155 1270 4224 eosdem

116 4257 320 4324 veliementer
347 4259 514 4344 immutet,
546 4263 643 4346 atque
672 4259 720 4326 sio
748 4276 862 4346 postea
892 4261 1081 4332 immutatio
1109 4263 1151 4330 ad
1178 4265 1270 4352 ipsas

117 4387 227 4450 iisque,
266 4389 350 4454 quae
388 4375 574 4454 morentur,
606 4375 717 4454 partes
757 4371 1016 4438 trausftmelatur.
1077 4375 1270 4444 t'uiasmodi

167 4481 247 4524 omi
261 4483 288 4524 de
303 4483 357 4524 rra·
378 4483 469 4526 l‘latet
487 4485 595 4535 llippm.
608 4485 671 4526 llhrl.
1019 4485 1053 4537 39
