3022 5038
682 349 724 362 ·-
771 310 929 380 528-

222 469 324 560 μύρια
347 471 516 559 φερομένη
546 467 637 558 τιλῆν
664 475 723 557 τῆς
750 473 783 553 ἐξ
814 469 937 558 ῆκατος
960 465 1198 558 ἀναφερούσης
1223 467 1261 540 τὸ
1290 465 1381 559 αἷμα,

222 575 306 647 ἀλλά
340 575 421 648 ούδὲ
453 583 501 658 εἰς
532 576 570 646 τὸ
605 575 676 646 ἀνω
710 582 851 664 καρδίας
882 575 1071 664 ἀφικνεῖται
1106 577 1196 664 φλὲψ
1233 575 1381 668 οὐδεμία.

222 693 377 774 φαίνεται
401 682 465 773 γάρ
492 682 509 774 ῆ
533 691 629 772 κοίλη
657 685 747 772 φλὲψ
771 682 835 755 ἀπὸ
860 687 922 753 τοῦ
947 683 1069 773 ῆπατος
1096 682 1184 754 edm>
1207 689 1277 754 τῶν
1298 707 1382 774 σφα-

154 798 298 881 δλνγῶν
321 790 558 882 ἀναφερομένη
586 794 641 862 καί
670 792 793 880 ταύτης
821 795 826 880 l
856 789 1097 882 ἀποβλάστημά
1124 819 1155 862 τι
1178 790 1216 863 τὸ
1246 798 1295 874 εἰς
1320 795 1384 882 τῆν

195 905 367 992 σκαρδίαν
399 900 629 990 ἐμφυόμενον,
668 897 730 970 ούκ
763 901 796 982 ἐξ
829 902 957 986 ε’κείνης
989 897 1084 989 αύτῆ.
1138 900 1313 990 γνώρισμα
1345 903 1382 970 δὲ

223 1009 467 1096 ἐναργέστατόν
500 1011 567 1079 έστι
596 1007 633 1078 τὸ
663 1006 745 1076 κατὰ
778 1007 841 1095 τῆν
872 1004 1037 1096 ἀρτηρίαν
1066 1008 1130 1095 τῆν
1165 1007 1331 1096 μεγάλην,
1364 1006 1382 1078 ὃ

221 1115 465 1206 θεωρούμενον
501 1113 544 1184 ἀν
580 1143 656 1184 τινα
697 1121 886 1203 βουλοίμην
923 1113 1029 1196 οὕτως
1066 1117 1117 1184 lad
1160 1113 1224 1202 τῆν
1264 1124 1384 1204 κοίλην

221 1229 379 1313 ἔρχεσθαι
413 1225 531 1311 φλέβα.
589 1230 649 1312 μία
682 1221 746 1312 γάρ
781 1219 922 1310 ἀρτηριά
955 1229 1091 1312 μεγίστη
1120 1227 1180 1310 τῆς
1206 1220 1384 1312 ἀριστερᾶς

221 1339 350 1412 κοιλίας
373 1335 432 1419 τῆς
454 1335 594 1418 καρδίας
622 1331 751 1418 έκφῦσα
775 1335 866 1418 σαφῆ
891 1329 953 1419 τῆν
977 1339 1088 1420 σχίσιν
1117 1336 1164 1412 είς
1191 1327 1383 1420 ἀμφοτέρας

110 1511 114 1517 ,
183 1463 208 1500 1⁰
221 1454 364 1510 ποιεῖται
387 1437 446 1519 τάς
470 1436 644 1528 ἀρτηρίας,
674 1436 715 1526 ῆν
743 1465 775 1506 τε
806 1435 877 1508 ἀνω
900 1437 984 1526 πρὸς
1012 1437 1075 1527 τῆν
1102 1435 1253 1528 κεφαλῆν
1284 1438 1325 1530 ῆν
1347 1467 1381 1510 τε

223 1547 275 1616 dd
303 1544 366 1636 τῆν
393 1546 493 1636 ῥάχιν
525 1543 658 1635 ὁρῶμεν
685 1547 972 1633 καταφερομένην.
1024 1545 1111 1616 οὕτω
1140 1545 1177 1616 δὲ
1206 1539 1250 1618 αὖ
1281 1550 1382 1637 έχρῆν

222 1655 277 1723 καί
300 1653 364 1743 τῆν
388 1656 423 1723 έκ
450 1658 509 1742 τ’ῆς
531 1657 641 1736 δεξιάς
668 1659 796 1732 κοιλίας
820 1655 1033 1742 ε’κφνομένην
1060 1655 1167 1742 φλέβα
1198 1659 1290 1742 σαφῆ
1320 1656 1383 1744 τῆν

224 1759 335 1850 νομῆν
367 1771 474 1848 ίσχειν
501 1767 549 1842 είς
581 1757 682 1851 ἀμφω
710 1761 750 1828 τὰ
778 1762 871 1848 μέρη.
923 1769 1076 1848 φαίνεται
1109 1761 1145 1830 δὲ
1175 1759 1236 1851 ούχ
1266 1761 1383 1846 οὕτως,

223 1866 307 1938 ἀλλά
331 1866 396 1938 ἀπὸ
420 1873 479 1956 τῆς
497 1865 753 1957 ἀναφερομένης
775 1869 808 1950 έξ
835 1866 957 1956 ῆνατος
980 1873 1028 1948 είς
1049 1875 1195 1957 καρδίαν
1213 1867 1380 1960 ἀποσχίζε-

183 1997 209 2038 1⁵
222 2003 287 2046 ται.
326 1981 397 2056 κῶς
419 1968 484 2044 σύν
507 1981 554 2045 ἔτι
578 1975 728 2045 δυνατόν
751 1979 820 2044 έστι
843 1975 907 2064 τῆν
931 1975 1044 2058 δεξιάν
1067 1983 1201 2046 κοιλίαν
1223 1979 1282 2064 τῆς
1304 2005 1383 2066 καρ

261 2221 273 2268 1
294 2207 369 2282 πλὴν
389 2205 405 2280 ῆ
426 2210 476 2279 τῆς
494 2209 523 2264 Μ
542 2206 615 2278 πλῆν
638 2205 652 2278 r]
673 2211 722 2278 τῆς
737 2212 836 2266 AssCh
857 2207 929 2279 πλῆν
949 2211 997 2278 τῆς
1014 2209 1095 2266 Corn.
1111 2211 1145 2266 K.
1167 2243 1198 2252 -
1219 2219 1235 2266 λ
1256 2208 1383 2280 έφιιινεί-

222 2304 270 2339 ται
285 2283 322 2339 Μ.
337 2314 371 2324 -
387 2291 404 2338 λ
418 2279 450 2338 τὸ
465 2282 615 2337 delendum
630 2291 726 2337 censet
740 2283 820 2337 Corn.
835 2315 868 2322 -
885 2291 900 2336 5
916 2283 1005 2336 ταῦτα
1020 2299 1071 2368 pro
1086 2279 1160 2352 αύτῆ
1175 2285 1212 2339 M.
1228 2313 1262 2324 -
1277 2293 1293 2340 6
1308 2283 1384 2341 ιατά

223 2355 273 2425 τῆς
296 2351 433 2424 ἀρτηρίας
457 2354 485 2408 M
509 2374 534 2409 κ.
559 2351 612 2424 μέν
636 2349 773 2421 ἀρτηρίαν
797 2355 926 2408 ABChK
952 2375 977 2408 κ.
1002 2374 1053 2420 την
1077 2349 1216 2423 ἀρτηρίαν
1240 2357 1323 2412 Corn.
1349 2389 1383 2398 -

221 2422 359 2496 ἀρτηρίας
383 2431 455 2498 spat.
475 2441 535 2480 ναν.
560 2425 681 2480 sedecim
707 2427 763 2480 fere
789 2427 843 2480 litt.
863 2422 901 2478 ἀν
921 2447 983 2480 τινα
1007 2425 1045 2481 λλ.
1067 2456 1102 2467 -
1127 2423 1158 2482 τὸ
1178 2424 1386 2498 θεωρούμενον

222 2497 353 2554 λΒΟλιΚ
372 2493 387 2553 ὃ
406 2501 437 2552 δ.
454 2495 535 2552 Corn.
557 2529 587 2537 -
610 2503 625 2551 9
646 2491 720 2562 έκφύ
741 2517 781 2568 sp.
803 2515 861 2552 vae.
881 2497 1006 2567 quinque
1025 2499 1083 2554 sere
1102 2499 1158 2554 litt.
1178 2503 1269 2569 σχίσιν
1290 2501 1316 2554 λλ
1336 2497 1386 2556 ἐκ·

223 2565 339 2638 φύσασα
363 2571 440 2638 σαφῆ
462 2571 552 2640 σχίσιν
572 2567 702 2623 AsschK
728 2565 841 2636 έκφύοιι
860 2587 883 2623 σ.
905 2567 956 2636 τῆν
977 2587 1017 2638 σχ.
1037 2587 1095 2624 nos,
1116 2603 1148 2612 -
1179 2581 1209 2626 11
1230 2567 1313 2642 χάριν
1331 2589 1386 2644 pro

223 2639 424 2769 ύάχινΜΜΔΒ.
446 2673 477 2682 -
498 2631 552 2696 σύν
572 2656 622 2711 pro
641 2632 679 2695 αύ
700 2641 839 2695 ABChK.
861 2671 892 2682 —
919 2647 952 2696 1⁸2
972 2636 1139 2712 έκφνσμένη
1158 2643 1195 2699 M.
1216 2673 1250 2686 -
1277 2653 1309 2701 15
1329 2635 1387 2700 σύν

223 2731 278 2770 om.
328 2744 388 2771 .-

222 2951 394 3018 inferiores
426 2955 536 3036 pames
564 2949 642 3015 ferri
672 2949 737 3016 nisi
766 2973 847 3035 quae
877 2973 893 3014 e
923 2951 1029 3017 iecore
1058 2953 1251 3038 sanguinem
1280 2955 1387 3031 effert,

223 3059 279 3124 sed
298 3081 339 3125 ne
359 3061 392 3124 in
412 3059 613 3144 superiorem
629 3058 761 3144 quidem
776 3059 882 3124 cordis
904 3061 1069 3145 regionem
1090 3063 1259 3146 pervenire
1280 3062 1385 3128 ullam

223 3167 458 3253 conspicimus3
492 3167 548 3231 sed
581 3173 718 3251 apparet
748 3189 862 3232 cavam
891 3189 1006 3232 venam
1036 3191 1053 3234 e
1089 3169 1194 3235 iecore
1222 3175 1311 3235 recta
1341 3170 1385 3234 ad

222 3273 337 3360 iugula
364 3297 466 3360 usque
499 3275 671 3340 ascendere
701 3277 797 3358 atque
830 3273 926 3338 huius
956 3297 1082 3342 ramum
1112 3275 1272 3362 quendam
1300 3299 1385 3362 esse,

223 3381 279 3468 qui
303 3383 392 3458 cordi
416 3382 580 3464 inseritur,
603 3404 668 3448 non
693 3381 799 3466 ipsam
820 3404 836 3446 e
861 3381 956 3447 corde
976 3387 1085 3448 ortum
1108 3381 1241 3452 habere.
1276 3383 1384 3452 Mani-

223 3489 439 3557 festissimum
455 3495 562 3556 autem
583 3489 739 3555 indicium
759 3494 818 3572 ost,
837 3489 923 3574 quod
943 3490 976 3555 in
997 3513 1115 3578 magna
1131 3493 1252 3560 arteria
1273 3493 1385 3559 videre

223 3595 309 3681 licet,
333 3621 397 3684 quo
416 3596 546 3684 quidem
566 3597 770 3663 considerato
795 3597 893 3662 velim
913 3597 1049 3684 quisque
1069 3599 1110 3664 ad
1130 3623 1245 3668 cavam
1265 3623 1384 3667 venam

224 3706 436 3790 spectandam
466 3705 607 3772 accedat.
654 3704 727 3772 [na
756 3704 876 3770 arteria
902 3705 1045 3772 maxima
1070 3731 1086 3772 ο
1116 3709 1249 3774 sinistro
1274 3707 1383 3774 cordis

224 3813 405 3879 ventriculo
430 3819 526 3878 enata
550 3813 584 3880 in
608 3812 687 3878 duas
713 3813 851 3878 arterias
877 3813 1051 3879 manifesto
1077 3815 1250 3900 scinditur,
1273 3837 1386 3895 unam,

223 3943 320 4006 quam
351 3919 390 3986 ad
421 3927 520 4004 caput
550 3919 695 4006 tendere,
725 3920 876 4006 alteram,
910 3945 1008 4006 quam
1037 3923 1078 3989 ad
1106 3923 1235 4008 spinam
1263 3922 1384 3988 deferri

224 4029 452 4114 conspicimus,
499 4027 549 4093 lta
574 4051 686 4094 rursus
716 4029 815 4094 otiam
841 4052 922 4094 vena
947 4053 963 4094 ο
991 4030 1106 4096 dextro
1135 4031 1209 4097 sinu
1232 4031 1383 4098 exoriens

224 4135 400 4203 manifesto
424 4137 458 4202 in
482 4137 563 4202 duas
587 4141 697 4222 partes
720 4135 874 4202 diatribui
904 4137 1053 4204 debebat.
1100 4137 1194 4216 Quod
1218 4162 1292 4205 eum
1315 4161 1382 4206 nou

225 4247 393 4330 appareat,
417 4244 517 4309 immo
538 4267 576 4308 vx
597 4267 644 4314 εει.
664 4253 746 4330 (μίαν
766 4269 804 4310 ex
824 4247 928 4310 iecore
949 4245 989 4312 ad
1009 4269 1065 4313 cor
1085 4246 1240 4332 ascendit,
1259 4245 1384 4312 divida-

223 4357 287 4437 tur,
305 4353 360 4438 qui
380 4351 449 4416 fieri
469 4355 588 4436 potest,
607 4357 652 4436 ut,
672 4353 943 4438 quemadmodum
963 4355 1132 4420 sinistrum
1147 4354 1254 4420 cordis
1273 4354 1385 4421 sinum
