2984 5030
714 297 957 362 ..503-

190 479 323 536 οιιναι.
368 452 435 538 διό,
458 449 522 520 κᾶν
543 449 645 540 ἄμφιο
666 453 836 542 περιέλῃς,
859 449 963 521 oridia
985 452 992 542 Ι
1016 450 1195 538 βλάπτεται
1219 451 1256 520 τὸ
1280 453 1410 542 μόριον,

257 567 305 644 εἰς
327 558 345 632 ὃ
370 559 406 630 τὸ
434 563 555 647 νεῦρον
579 557 784 647 ἀφικνεῖται,
807 559 961 647 καθάπερ
984 555 1064 628 odor
1089 564 1122 628 ελ
1142 559 1204 628 τὸν
1227 561 1411 648 ἐγκέφαλοι

257 667 363 739 αὐτὸν
394 665 533 756 ἀφέλοιο
565 665 624 748 τὰς
651 671 779 748 ἔξωθεν
806 667 984 755 μήνιγγας·
1018 661 1122 734 οὖόὲν
1154 667 1218 756 γὰρ
1246 665 1329 738 οὐδὲ
1364 669 1410 735 izi

256 775 392 856 ταύταις
414 773 591 862 βλάπτεται
615 773 652 842 τὸ
673 779 758 866 ζῷον
776 781 814 842 Eu
837 801 873 862 γε
896 779 942 866 τῷ
961 781 1151 861 παραυτίκα
1173 775 1299 868 χρόνῳ·
1326 775 1410 844 ὗστε

229 909 321 974 ιρον
347 883 385 952 dt
413 888 445 951 εἰ
474 881 557 951 κατὰ
589 881 804 970 συμπάθειαν
835 884 945 950 ἕπεται
979 886 1156 968 κίνδυνος,
1184 880 1288 952 οὐδὲν
1315 883 1412 952 τοῦτό

258 994 325 1062 ἐστι
349 989 434 1078 πρὸς
455 990 493 1057 τὸ
519 988 732 1077 ζητούμενον.

348 1097 501 1184 Πότερον
534 1089 612 1181 οὖν,
649 1094 761 1181 ὥσπερ
795 1097 830 1164 εἰι
861 1101 930 1166 τῶν
961 1101 1101 1166 κοιλιῶν
1131 1103 1194 1167 τοῦ
1226 1096 1412 1185 ἐγκεφάλου

256 1207 464 1284 κενωθέντος
486 1207 547 1272 τοῦ
569 1203 758 1292 πνεύματος
781 1202 864 1272 ὅλον
885 1203 924 1272 τὸ
950 1209 1035 1296 ζῷον
1053 1203 1266 1292 ἆναίσθητον
1285 1207 1410 1292 ἐγίνετο

256 1314 311 1382 καὶ
335 1311 391 1382 διὰ
415 1316 514 1380 τοῦτο
543 1317 672 1399 ἔφαμεν
694 1307 775 1379 αὐτὸ
805 1312 971 1401 χρήσιμον
993 1311 1157 1402 ὑπάρχειν
1185 1317 1233 1394 εἰς
1258 1311 1319 1392 τὰς
1347 1315 1412 1379 τῶν

170 1413 174 1416 ’
218 1427 387 1508 ιομορίων
413 1419 588 1506 αἰσθήσεις
617 1445 651 1486 τε
679 1419 734 1486 καὶ
762 1419 926 1506 κινήσεις,
954 1419 1062 1500 οὕτως
1091 1418 1233 1508 ήγιγτεόν
1260 1419 1330 1488 ἐστὶ
1359 1419 1408 1484 καὶ

256 1525 335 1596 καθ’
362 1529 503 1596 ἕκαστον
526 1530 651 1612 νεῦρον
674 1524 765 1594 εἶναι’
784 1554 814 1595 τι
839 1531 974 1616 πνεῦμα
1001 1529 1055 1596 καὶ
1080 1529 1226 1615 πότερον
1249 1524 1410 1614 ἐγχώριόν

256 1637 294 1704 τέ
312 1661 344 1704 τι
366 1635 421 1703 καὶ
446 1633 623 1722 σύμφυτον
645 1631 761 1712 αὐτοῖς
788 1637 857 1702 ἐστι
880 1639 979 1704 τοῦτο
1003 1634 1234 1722 πληττόμενον
1261 1631 1329 1701 iad
1352 1635 1410 1700 τοῦ

256 1739 345 1829 παρὰ
372 1744 430 1828 τής
457 1737 560 1828 ἆρχὶς
589 1739 726 1828 ήκοντος
753 1739 864 1828 ὥσπερ
892 1737 1037 1828 ἀγγέλου
1063 1741 1157 1821 τινὸς
1187 1737 1204 1830 ή
1233 1741 1408 1828 σύμφυτον

256 1850 318 1937 μέν
341 1851 433 1917 ἐστιν
456 1845 570 1928 αι’ποῐς
593 1845 709 1934 οὐδέν,
733 1850 862 1936 ἐπιρρεῖ
887 1850 923 1917 dt
948 1852 981 1930 ἐξ
1005 1849 1193 1936 ἐγκεφάλου
1220 1845 1305 1916 κατὰ
1330 1849 1406 1914 ἐκεῖ·

217 1983 321 2028 ιινον
342 1955 403 2025 τὸν
426 1955 562 2043 καιρόν,
586 1957 623 2024 ἐν
645 1947 671 2047 ᾧ
695 1961 829 2044 κινῆσαι
853 1955 1111 2044 προαιρούμεθα
1138 1955 1176 2024 τὸ
1200 1959 1318 2044 μέρος,
1347 1953 1406 2040 ε’γὸ

256 2063 318 2153 μὲν
337 2060 399 2133 οὐκ
418 2069 481 2150 ε’χιο
500 2069 684 2151 προχείρως
702 2061 957 2152 ἀποφήνασθαι,
980 2072 1173 2150 προκείσθω
1192 2063 1230 2132 οὲ
1250 2065 1287 2132 ἐν
1306 2065 1406 2152 κοινῷ

257 2233 429 2242 ψ--ι--ω
438 2233 470 2240 --

293 2328 416 2390 rodere
435 2329 543 2388 τούτων
567 2331 700 2388 MABCh
724 2327 787 2390 οὐδ.
806 2333 891 2389 τοῦτο
910 2333 942 2387 Κ.
968 2365 1000 2374 -
1029 2339 1043 2388 7
1068 2325 1163 2401 ὥσπερ
1187 2330 1235 2388 tart
1252 2333 1311 2388 suiv
1329 2331 1405 2388 codd.

256 2407 320 2462 edd.
342 2400 412 2461 ὅττι,
437 2401 469 2460 ἐκ
493 2405 550 2460 τῶν
572 2423 631 2461 uos.
656 2437 689 2446 -
716 2412 747 2460 12
768 2403 842 2460 εἶναι
867 2407 950 2460 τοῦτο
973 2405 1054 2460 codd.
1074 2405 1138 2460 edd.
1158 2401 1217 2461 ε’στι
1240 2426 1263 2462 τ.
1285 2422 1351 2470 nos;
1373 2402 1405 2456 ct.

255 2478 342 2535 Proll.
364 2495 390 2548 p.
418 2483 476 2532 112.
503 2508 534 2518 -
569 2479 652 2531 τοῦτο
675 2471 706 2530 τὸ
731 2475 924 2547 πληττόμενον
949 2475 1029 2532 codd.
1054 2475 1117 2532 edd.
1146 2473 1178 2532 τὸ
1204 2477 1352 2542 eiecimus3
1375 2474 1403 2528 ci

255 2549 415 2605 Proll.l.1.
437 2579 469 2588 —
492 2555 524 2602 tt
549 2543 614 2603 οὐδ’
636 2544 667 2602 ἐν
685 2565 738 2618 pro
757 2545 845 2604 οὐδὲν
864 2549 901 2604 M.
922 2579 954 2588 -

270 2715 467 2724 --—.-—.-.---

255 2821 426 2906 exemeris,
454 2820 579 2886 nullam
611 2843 730 2886 noxam
760 2821 882 2906 accipit
909 2843 986 2906 pars
1015 2843 1068 2906 ea,
1101 2821 1135 2886 iu
1162 2843 1261 2908 quam
1286 2841 1404 2888 uersus

254 2931 406 3018 pertinet,
423 2951 483 2994 neo
502 2929 609 3014 magis
628 2929 655 2994 si
675 2930 808 2995 cerebro
826 2929 891 3014 ipsi
911 2929 1088 2996 exteriores
1106 2929 1315 2996 membranas
1334 2927 1402 2994 abs·

254 3039 384 3124 tuleris3
411 3037 537 3104 nullum
562 3037 649 3101 euim
671 3059 712 3102 ne
735 3059 795 3122 per
817 3036 877 3102 has
901 3037 1046 3124 quidem,
1073 3037 1160 3123 quod
1188 3038 1317 3123 quidem
1342 3046 1402 3100 sto·

254 3147 316 3214 tim
348 3145 489 3228 occidat,
522 3143 754 3210 detrimentum
787 3144 907 3210 animal
947 3145 1085 3230 patitur3
1116 3166 1196 3210 uam
1232 3144 1317 3232 quod
1349 3163 1403 3228 per

254 3253 483 3340 contagionem
507 3256 622 3336 postea
640 3253 788 3337 sequitur
806 3251 997 3337 periculum,
1019 3249 1104 3317 nihil
1123 3251 1165 3316 ed
1183 3275 1264 3336 rem,
1285 3252 1325 3318 de
1344 3271 1401 3338 qur

252 3359 447 3447 quaerimus.

342 3467 462 3536 Utrum
486 3491 571 3552 roro,
593 3467 866 3554 quemadmodum
889 3468 1046 3556 spirituc
1069 3467 1260 3534 ventriculis
1284 3465 1399 3534 cerebri

254 3579 410 3644 evacuato
433 3581 540 3642 totum
563 3575 686 3640 animal
714 3597 827 3641 seusus
856 3597 971 3663 expers
999 3577 1038 3641 fit
1065 3597 1103 3642 ao
1130 3579 1305 3662 propterea
1332 3595 1400 3640 euru

252 3683 367 3751 utilem
400 3705 471 3749 esse
504 3683 545 3748 ad
575 3684 718 3768 partium
757 3705 871 3750 sensus
904 3688 1076 3770 motusque
1108 3683 1264 3762 diximus,
1292 3685 1340 3748 ita
1369 3681 1399 3744 iu

253 3792 393 3879 singulis
418 3813 544 3878 quoque
567 3789 677 3856 nervis
701 3791 855 3876 spiritum
875 3793 1036 3878 quendam
1060 3813 1131 3857 esse
1155 3789 1399 3856 existimandam

254 3901 311 3986 sit;
335 3903 445 3966 utrum
467 3899 546 3964 item
575 3899 603 3964 is
631 3899 749 3964 insitus
774 3899 970 3985 iunctusque
997 3900 1040 3964 iis
1069 3901 1115 3964 sit
1141 3905 1239 3984 atque
1267 3899 1309 3964 ab
1335 3897 1398 3965 illo.

253 4005 309 4093 qui
333 4029 353 4072 a
375 4005 466 4072 toute
489 4013 674 4090 promanat,
696 4011 866 4090 tamquam
888 4008 1004 4073 nuntio
1028 4005 1169 4093 quodam
1193 4004 1340 4092 pulsetur
1361 4024 1398 4068 un

252 4114 372 4180 insitus
390 4114 521 4200 quidem
540 4113 673 4178 minime
693 4115 745 4196 sit,
769 4115 825 4179 sed
844 4115 901 4180 illo
920 4115 994 4200 ipso
1014 4117 1170 4200 tempore,
1191 4135 1256 4200 quo
1277 4131 1397 4181 morere

253 4221 437 4288 membrum
459 4221 623 4305 volumus,
651 4221 690 4286 de
715 4221 847 4288 cerebro
870 4221 998 4305 influat,
1026 4221 1176 4306 equidem
1202 4229 1330 4307 promte
1356 4221 1397 4286 itu

253 4330 465 4414 pronuntiare
494 4351 558 4396 nou
588 4352 684 4414 queo,
713 4331 768 4395 sed
797 4329 877 4396 haee
907 4335 1043 4417 utraque
1071 4331 1180 4396 resin
1204 4331 1310 4398 medio
1333 4349 1396 4416 pro·
