2992 5034
568 323 934 401 -457-'

105 491 194 562 εἶναι
231 498 357 580 νομίζει
385 488 424 562 τὸ
452 491 644 580 παθητικὸν
675 495 734 582 τῆς
766 496 875 581 ψυχῆς
905 495 969 564 τοῦ
995 495 1188 582 λογιστικοῦ
1214 495 1271 564 καλ

105 628 175 669 τιν
210 593 347 688 ἀλόγων
379 599 473 694 ζῴων
502 597 692 691 ἀφαιρεῖται
724 599 765 672 τά
798 600 893 689 πάθη
925 607 1081 690 φανερῶς
1108 604 1271 694 ἐπιθυμίᾳ

104 735 138 778 τε
163 707 224 776 κοιλ
247 716 347 797 hup·
372 709 634 798 διοικουμένων,
657 707 703 791 ὦς
725 711 780 780 καὶ
805 707 822 778 ὁ
848 709 1079 794 Ποσειδώνιος
1106 709 1190 801 ὑπὲρ
1214 709 1272 782 ari-

105 819 177 886 τῶν
201 817 255 885 ἐπὶ
282 817 386 886 πλέον
414 819 624 906 διεξέρχεται.
669 817 731 888 ὅσα
759 817 821 908 μὲν
852 810 917 889 οὖν
939 821 1008 888 τῶν
1037 817 1131 912 ζῴων
1158 824 1273 890 δυσκί-

107 923 194 1013 νητά
215 925 253 994 τέ
273 926 342 994 ἐστι
365 925 421 994 καὶ
443 925 703 1014 προσπεφυκότα
727 931 827 1014 δίκην
845 931 963 1016 φυτῶν
985 927 1120 1017 πέτραις
1141 926 1164 1017 ἦ
1182 945 1300 999 τισινῡ

107 1035 238 1120 ἑτέροις
259 1033 439 1121 τοιούτοις,
462 1035 625 1126 ἐπιθυμίᾳ
649 1037 737 1126 μόνη
761 1039 964 1106 διοικεῖσθαι
992 1035 1080 1126 λέγει
1104 1031 1205 1125 αὐτά,
1231 1035 1274 1107 τά

108 1142 145 1213 bl
170 1141 258 1212 ἄλλα
277 1141 383 1231 troya
402 1140 578 1232 σύμπαντα
595 1157 669 1223 ταῖς
688 1142 874 1232 δυνάμεσιν
891 1141 1097 1233 ἀμφοτέραις
1113 1149 1274 1236 χρῆσθαι,

107 1263 147 1342 τῇ
167 1277 205 1320 τε
225 1252 449 1340 ίπιδνμητικῇ
467 1249 523 1319 καὶ
541 1253 581 1341 τῇ
595 1257 783 1340 θυμοειδεῖ,
801 1250 862 1322 τὸν
877 1251 1063 1344 ἄνθρωπον
1083 1261 1088 1338 Ι
1109 1252 1147 1323 δὲ
1164 1253 1275 1344 μόνον
1283 1265 1340 1326 t'c'l

107 1375 183 1441 τοῖς
216 1365 321 1449 τρισί,
352 1360 616 1447 προσειληφέναι
647 1357 713 1449 γάρ
745 1360 798 1429 καλ
831 1359 895 1450 την
932 1361 1127 1450 λογιστικὴν
1156 1359 1275 1453 ἀρχήν.

108 1468 275 1538 ταῦτάτε
299 1459 364 1538 οὖν
386 1463 502 1555 ὀρθῶς
527 1476 657 1556 εἴρηται
683 1471 729 1562 τῷ
753 1474 976 1562 Ποσειδωνίῳ
1002 1469 1058 1539 καὶ
1082 1467 1167 1540 ἀλλα
1189 1472 1275 1562 ncip-
1289 1491 1315 1532 ¹⁰

110 1585 222 1646 πολλα
243 1572 325 1645 καθ’
351 1572 437 1665 ὅλην
458 1573 522 1665 τὴν
543 1575 618 1664 περὶ
640 1579 710 1644 τῶν
732 1579 856 1646 παθῶν
878 1583 1119 1667 πραγματείαν.
1163 1575 1276 1670 ὥσπερ

111 1677 178 1754 οὖν
207 1682 225 1756 ὁ
253 1683 452 1772 Χρύσιππος
479 1684 688 1775 ἐσφαλμένος
717 1684 756 1753 έν
784 1681 916 1771 αὐτοῖς,
948 1681 994 1766 ὦς
1025 1683 1070 1756 ἀν
1099 1713 1149 1770 τις
1176 1696 1276 1776 ελκοι,

110 1809 185 1876 τοῖς
218 1798 395 1882 στοιχείοις
422 1792 482 1881 τῆς
512 1791 588 1881 περὶ
621 1795 690 1861 τῶν
724 1795 850 1860 παθῶν
880 1797 1029 1881 θεωρίας
1061 1795 1095 1877 ἐξ
1128 1790 1278 1886 ἀνάγκης

112 1903 294 1990 πάμπολλα
325 1903 435 1982 κακῶς
472 1898 581 1988 εἶπεν,
619 1897 726 1981 οὕτως
763 1897 892 1989 ἀνάγκη
929 1899 991 1970 τὸν
1027 1897 1170 1990 ἀληθέσι
1204 1918 1278 1986 ταῖς

113 2007 235 2100 ἀρχαῖς
256 2006 485 2100 χρησάμενον,
513 2012 544 2078 εί
565 2006 628 2097 μέν
650 2005 797 2098 ἀκριβῶς
819 2007 975 2096 φυλάξειε
999 2008 1037 2080 τὸ
1060 2008 1145 2100 πρὸς
1173 2007 1277 2094 uritis
1291 2028 1318 2070 ¹⁵

115 2116 324 2205 ἀκόλουθον,
346 2114 437 2187 ἅπαν
460 2121 566 2186 είπεῖν
589 2113 713 2207 ὀρθῶς,
736 2119 767 2186 εί
789 2116 825 2187 δὲ
850 2113 914 2186 οὐκ
936 2114 1100 2206 ἀκριβῶς,
1128 2115 1214 2190 ἀλλὰ
1236 2118 1278 2188 τά

152 2363 168 2410 a
195 2350 211 2411 δ
235 2371 290 2411 om.
312 2349 491 2416 HABCch
521 2350 555 2408 ef.
580 2350 666 2408 Pron,
690 2371 718 2424 p.
746 2359 806 2408 loo.
835 2383 869 2394 -
902 2359 919 2408 t
947 2346 1085 2410 έπιιιλέον
1107 2353 1189 2410 eorld.
1212 2353 1277 2410 edel.

118 2423 164 2484 ε’πλ
189 2427 278 2483 πλέον
301 2441 359 2481 ουτ.
383 2455 418 2466 -
442 2419 589 2507 δυσκίνητῖ
615 2419 673 2506 {erl
696 2423 871 2481 llABChli.
896 2455 929 2466 -
954 2423 1156 2500 ὅδιοικίμιδαι
1180 2425 1217 2484 hl.
1242 2455 1277 2468 -

118 2507 132 2552 ἵ
152 2497 188 2556 τά
209 2495 300 2570 ἄλογα
319 2496 399 2553 σοδδ.
418 2495 482 2580 εδδ.
501 2515 537 2550 τα
560 2512 702 2552 eiecimus.
722 2527 756 2538 -
780 2491 964 2566 ἀμφοτέραις
981 2495 1020 2554 bl.
1040 2527 1074 2536 -
1097 2503 1114 2554 8
1132 2497 1277 2570 θυμοειδῆ

118 2573 242 2698 {¹³¹5ss
264 2579 287 2700 ἶ
302 2565 356 2642 pls
373 2586 427 2641 pro
444 2588 499 2638 γαρ
517 2568 550 2623 L.
569 2599 602 2610 -
630 2577 662 2624 10
684 2587 714 2624 τε
739 2587 793 2626 om.
813 2568 844 2634 b.
869 2599 903 2610 -
928 2575 960 2624 12
984 2563 1169 2640 ἐσφαλμένος
1191 2569 1223 2626 Ia.
1243 2599 1276 2612 ·-

135 2653 245 2700 διιττο
289 2671 350 2699 .-

121 2883 180 2946 laas
212 2879 354 2948 obnoxia
382 2879 517 2964 sentiat,
550 2877 721 2965 perspicue
755 2878 916 2946 ostendat.
961 2875 1170 2966 Chrysippus
1201 2899 1279 2946 uero

122 2989 205 3056 trane
234 3013 253 3056 a
282 2987 437 3054 rationali
466 2993 560 3074 lrarte
587 2985 671 3052 nihil
704 2985 834 3053 differre
866 2987 1048 3054 arbitratur
1080 2988 1279 3073 otl'ectusqne

120 3097 228 3162 luatis
261 3094 475 3180 animalibus,
512 3118 595 3181 quae
628 3095 840 3161 manifestum
870 3099 922 3161 est
953 3095 1133 3181 eupiditate
1163 3100 1197 3163 et
1226 3095 1279 3162 -ira

121 3204 312 3287 gabernari,
334 3201 446 3288 eripit,
473 3201 745 3288 quemadmodum
775 3205 874 3270 etiam
903 3201 1100 3270 Posidonius
1130 3202 1279 3290 pluribus

122 3313 336 3380 domonstrat.
395 3309 484 3388 Quae
516 3309 647 3397 quictem
679 3309 865 3377 immobilia
897 3333 1000 3399 paene
1033 3311 1101 3377 sint
1127 3311 1281 3397 saxisque

123 3423 261 3509 aliisque
284 3417 473 3485 huiusmodi
501 3419 598 3484 rebus
627 3421 780 3506 stirpium
804 3419 901 3487 modo
923 3417 1129 3502 inhaereant,
1156 3419 1280 3505 cupidi·

124 3535 190 3596 tate
216 3529 288 3595 sola
310 3527 381 3614 regi
405 3527 467 3612 nit,
490 3531 598 3594 cetera
621 3527 760 3596 rationis
786 3529 931 3613 expertia
959 3531 1098 3613 utraque
1121 3527 1280 3593 lberrltate

124 3641 180 3724 uti,
205 3635 455 3722 concupiscente
475 3639 508 3702 et
525 3635 696 3720 irascente,
715 3635 882 3700 hominem
903 3635 1009 3702 solum
1027 3635 1142 3718 tribus,
1160 3636 1281 3721 ‹prippe
1396 3633 1401 3642 '

124 3750 177 3832 qui
202 3749 335 3834 praeter
356 3743 414 3810 illa
438 3744 502 3808 duo
526 3745 686 3810 rationale
710 3743 905 3829 principium
932 3743 1069 3828 acleptus
1093 3743 1145 3808 sie
1191 3741 1280 3810 llaec

126 3861 210 3922 reete
244 3877 264 3918 a
292 3849 468 3920 Posidonio
502 3849 589 3916 dicta
622 3858 697 3918 sunt
727 3851 857 3937 aliaque
890 3849 1052 3937 permulta
1079 3849 1114 3916 in
1142 3855 1215 3916 toto
1243 3851 1282 3916 tle

127 3959 429 4046 perturbationibus
458 3981 564 4043 opere.
610 3961 687 4028 Jum
710 3965 746 4026 nt
771 3959 975 4044 Chrysippus
999 3958 1033 4024 in
1056 3957 1153 4044 ipsis,
1174 3963 1213 4024 ut
1236 3959 1283 4024 itu

127 4071 241 4154 alicam,
265 4068 437 4134 elementis
461 4067 629 4133 doetrinae
648 4068 687 4134 cle
710 4067 1014 4154 perturbationibus
1037 4065 1150 4151 lapsus
1172 4087 1283 4132 neees-

127 4181 211 4246 snio
250 4199 349 4263 quam
386 4175 528 4262 plurima
566 4197 737 4262 perperam
772 4173 967 4262 disputarit,
1003 4174 1065 4258 ita,
1103 4173 1158 4259 qni
1196 4175 1284 4240 reris

128 4285 298 4372 principiis
322 4283 435 4370 utitur,
457 4283 649 4366 dummodo,
677 4305 759 4370 (puae
783 4283 836 4348 his
860 4285 1078 4348 consentanea
1102 4285 1189 4364 sunt,
1211 4279 1284 4347 ‹lili-

128 4409 240 4480 genter
264 4395 386 4478 servet,
409 4415 483 4460 eum
507 4393 542 4459 in
566 4393 718 4460 omnibus
741 4395 828 4458 recte
852 4389 960 4458 dicere
983 4390 1034 4456 acl
1058 4388 1218 4456 siminus
1242 4387 1283 4454 ad
