2960 5032
697 369 921 446 -,-66-

231 533 305 618 εἴδη
329 528 368 600 έν
390 531 480 619 ψυχῇ
504 526 634 596 ἐνόντα.
680 524 805 598 αὐτοῦ
834 526 875 597 δὲ
903 531 965 596 τοῦ
987 531 1105 618 θυμοῦ
1131 527 1187 598 καλ
1213 518 1240 622 ᾧ
1263 527 1402 618 θυμού-

231 647 321 728 μεθα
343 636 488 724 πότερον
509 642 625 725 τρίτον
643 662 672 704 κ.
685 663 712 705 τ.
726 643 755 704 λ.
787 639 872 706 Illud
895 636 959 706 δύο
979 664 1036 725 μοι
1060 636 1156 705 ech.
1180 641 1313 726 recepit,
1336 635 1402 708 αὐ-

231 751 293 817 τοῦ
316 747 357 816 ὁέ
378 753 489 814 autem
512 771 572 814 euo
592 747 698 812 Marte
722 749 869 832 scripsit,
892 771 969 814 narn
993 748 1028 814 in
1049 745 1109 814 Ch.
1133 741 1223 837 αὐτῷ
1248 745 1292 834 ὀὴ
1315 750 1402 838 legi·

232 863 295 924 tur.
341 857 387 922 nt
410 878 513 942 neque
538 855 619 922 illud
643 878 747 941 nequo
771 850 945 923 lroo'reote
969 879 1004 921 se
1028 855 1150 922 habero
1174 857 1265 924 codd.
1288 857 1403 924 Plato-

157 1011 160 1016 -
207 966 284 1033 'nio
308 969 343 1032 et
365 962 486 1030 Galerii
509 967 682 1030 testantur.
719 963 783 1030 Pro
807 959 871 1030 ὁὺο
890 988 949 1050 μοι
972 964 1007 1030 in
1029 963 1127 1030 Laut.
1151 959 1193 1049 δὴ
1218 959 1280 1050 μὲν
1304 969 1337 1030 et
1363 967 1402 1032 in

231 1072 267 1140 M
291 1068 395 1159 δυ’ὴμι
419 1072 579 1158 seriptum
599 1077 716 1154 exstat,
740 1073 826 1158 quod
844 1071 929 1138 nihil
954 1072 1044 1138 aliud
1068 1077 1119 1138 est
1136 1073 1202 1138 nisi
1222 1065 1282 1139 δύ’
1302 1066 1402 1157 ὴμῖυ

232 1176 311 1270 (δύο
336 1175 419 1267 ἡμῖν
443 1179 512 1246 cod.
532 1179 635 1246 Paria.
654 1178 713 1267 A):
737 1203 797 1267 pro
821 1173 911 1268 αὐτῷ
936 1177 979 1264 δὴ
1003 1177 1152 1266 (ABt'lr)
1176 1181 1207 1246 M
1234 1175 1316 1246 αι’πὸ
1342 1178 1402 1266 ὀὴ.

231 1288 329 1356 Lanr.
353 1293 463 1354 autern
487 1283 528 1353 τὸ
555 1283 595 1352 ὁὶ
620 1289 771 1372 praebet.
794 1289 878 1354 unde
901 1312 967 1355 non
990 1289 1127 1356 dubiurn
1151 1289 1234 1355 mihi
1258 1289 1402 1370 videtur,

233 1397 313 1484 quin
336 1395 481 1462 (tolenus
510 1397 545 1462 in
573 1396 684 1462 oodioe
708 1419 767 1462 suo
791 1397 965 1463 Platonico
993 1397 1112 1484 legerit
1139 1392 1176 1464 τὸ
1206 1393 1243 1461 dt
1268 1397 1310 1480 ὀὴ
1335 1399 1402 1462 τοῦ

232 1505 363 1590 θυμοῦ,
387 1527 485 1590 (luam
504 1503 679 1570 lectionem
700 1504 789 1569 codd.
806 1504 968 1571 Platonici
987 1505 1200 1570 tradiderunt.
1215 1540 1261 1551 —
1280 1503 1314 1569 P.
1329 1506 1399 1570 491

233 1618 308 1678 ante
332 1612 414 1676 ared.
434 1611 480 1677 K:
503 1605 573 1676 εἶτά
597 1630 718 1696 φησιν.
742 1607 788 1688 ὠς
807 1606 824 1676 ὁ
845 1608 908 1696 μέν
931 1610 1057 1694 ἕτερος,
1081 1607 1173 1689 ὅστις
1196 1619 1321 1678 οἴεται
1348 1615 1400 1678 δι·

231 1723 334 1797 καίως
356 1714 497 1802 πάσχειν
518 1721 622 1785 ταῦτα
645 1758 704 1784 -.
733 1719 826 1800 φέρει
850 1717 965 1806 πράως
987 1744 1015 1784 κ.
1039 1744 1065 1785 τ.
1088 1724 1117 1784 λ.
1164 1717 1249 1786 Sane
1276 1721 1401 1786 Auen

232 1827 385 1893 mendose
414 1821 505 1903 ὅστις
535 1833 644 1911 οἴηται
676 1827 890 1912 scripserunt3
921 1833 956 1892 at
984 1827 1014 1892 K
1046 1851 1112 1893 uon
1142 1827 1256 1892 debuit
1285 1834 1400 1911 οἴηται

232 1939 358 2030 mutare
381 1937 416 2000 in
441 1940 565 2008 οἴεται,
591 1935 646 1998 sed
671 1935 813 1999 inserere
837 1929 895 2002 άν.
924 1935 1009 2020 qnod
1035 1935 1070 2000 in
1093 1934 1127 2000 M
1151 1934 1317 2001 invenitur
1341 1937 1401 2019 (et'.

232 2065 332 2130 supra
360 2066 390 2129 p.
414 2041 480 2130 35).
526 2041 561 2106 P.
590 2043 653 2107 5:21
684 2048 758 2127 post
788 2044 868 2108 ured.
898 2043 942 2108 K:
970 2039 1109 2108 κάλλιον
1138 2036 1260 2109 οὐσιίιν
1290 2045 1402 2128 ψυχῆς

232 2144 424 2237 ὀνομάζειν,
457 2143 499 2215 οὐ
531 2145 694 2234 δύναμιν.
727 2148 765 2214 έν
797 2147 922 2240 ἑκάστῳ
956 2153 1024 2217 τῶν
1056 2152 1160 2234 τριῶν
1193 2147 1402 2234 σπλάγχνων

230 2255 487 2345 περιεχομένην,
520 2256 557 2322 έν
590 2253 761 2346 ἐγκεφάλῳ
795 2255 858 2342 μέν
889 2255 1098 2344 λογιστικὴν,
1132 2259 1170 2324 έν
1201 2261 1324 2346 καμόίᾳ
1359 2257 1398 2325 di

231 2367 417 2453 θυμοειόὴ,
440 2360 523 2430 κατὰ
543 2361 579 2430 di
599 2359 636 2430 τὸ
660 2354 745 2450 ὴπαμ
766 2363 1011 2450 ε’πιθυμὴτικὴυ
1032 2361 1050 2451 ὴ
1070 2363 1241 2451 φυτικὴν
1267 2359 1285 2451 ὴ
1310 2391 1400 2449 γεν·

231 2469 400 2560 νὴτικὴν
424 2466 461 2557 ὴ,
489 2467 535 2550 ὡς
563 2471 697 2554 οἱπερὶ
726 2469 786 2538 τὸν
811 2467 1058 2562 Ἀριστοτέλην,
1089 2469 1305 2558 θρεπτικὴν
1333 2469 1397 2559 άφ’

232 2579 309 2660 ἑνὸς
333 2579 475 2648 ἑκάστου
498 2576 649 2665 τοῦνομα
672 2579 827 2664 θέμενοι,
855 2575 920 2646 άπὸ
944 2579 1007 2666 μέν
1029 2584 1091 2648 τοῦ
1115 2579 1216 2666 φύειν
1238 2579 1401 2666 φυτικὴν,

232 2685 296 2758 άπὸ
327 2687 362 2757 dd
392 2689 453 2755 τοῦ
481 2686 616 2772 τρέφειν
644 2685 844 2772 θρεπτικὴν.
873 2684 937 2754 άπὸ
969 2688 1005 2754 di
1034 2691 1095 2756 τοῦ
1124 2690 1249 2774 γενυάν
1278 2714 1400 2775 γευυὴ-

231 2794 338 2884 τικὴν.
385 2795 520 2863 Ceterae
544 2795 613 2861 edd.
637 2809 712 2881 post
737 2795 921 2882 θρεπτικὴν
949 2799 1040 2883 prius
1068 2801 1214 2884 positum
1242 2807 1400 2884 repetunt

232 2899 252 2992 ὴ
277 2901 423 2992 φυτικὴν
446 2898 611 2991 (φυσικὴν
634 2903 718 2988 Mn)
747 2897 763 2988 ὴ
789 2904 1003 2991 γεννὴτικὴντ
1031 2913 1065 2972 at
1093 2930 1160 2972 non
1187 2907 1267 2972 haee
1296 2909 1400 2972 rerba

233 3015 379 3081 tollenda
403 3015 547 3097 inerunt,
572 3013 627 3076 sed
647 3012 704 3077 illa
724 3022 800 3096 post
819 3011 1065 3100 εἰιιθυμὴτικὴν
1084 3017 1203 3100 posita,
1226 3037 1304 3082 narn
1320 3017 1398 3080 Ari-

234 3124 362 3188 stotelis
390 3127 424 3188 et
446 3121 742 3205 Peripateticorum
772 3143 843 3186 esse
873 3127 1017 3188 extrema
1046 3146 1122 3208 pure
1151 3123 1215 3188 loci
1239 3121 1398 3190 (lenierat.

232 3232 268 3298 P.
291 3231 357 3296 5⁴6
382 3233 462 3294 extr.
486 3229 531 3294 li:
567 3222 584 3312 ὴ
612 3223 676 3312 μέν
704 3223 767 3312 γάρ
797 3229 854 3312 τὴς
882 3231 988 3307 οἰκίας
1016 3228 1145 3314 γένεσις
1175 3223 1395 3313 ἀναγκάσει

233 3339 368 3424 πρῶτον
390 3337 618 3423 μνημονεῦσαι
645 3335 713 3400 τῶν
738 3341 920 3420 θεμελίων,
945 3332 965 3422 ὴ
990 3335 1026 3404 δὲ
1052 3339 1109 3423 τὴς
1135 3335 1216 3416 νεώς
1238 3338 1296 3420 τὴς
1319 3335 1398 3422 τριλ-

233 3471 329 3526 πεως.
374 3443 548 3512 MABCh:
581 3438 861 3525 ἀναγκάσειεν.
890 3448 942 3512 oui
971 3471 1028 3512 eur
1055 3470 1121 3512 non
1149 3443 1193 3512 άν
1223 3445 1398 3528 addiderit,

234 3578 272 3622 eo
297 3555 403 3641 magis
428 3552 612 3618 mirandum
637 3566 699 3624 est,
728 3553 814 3638 qnod
844 3554 918 3619 aliis
944 3555 1024 3620 loeis
1054 3555 1167 3620 multis
1191 3553 1397 3621 Partioulnrn

233 3687 253 3728 a
276 3662 421 3730 librariis
447 3666 478 3726 ot
499 3661 677 3726 editoribus
703 3663 861 3726 omissam
880 3665 1039 3739 restituit,
1062 3664 1152 3728 velut
1171 3686 1202 3750 p.
1219 3663 1282 3728 261
1305 3657 1395 3728 οὕτω

233 3767 298 3856 γάρ
324 3763 367 3835 dv
394 3763 533 3854 ὀνόματι
563 3765 672 3856 μόνον
701 3767 920 3851 σφάλλοιντο.
950 3793 980 3855 p.
1005 3774 1068 3836 269
1097 3765 1140 3836 οὐ
1168 3767 1231 3855 γάρ
1260 3767 1311 3836 ἐπὶ
1341 3795 1398 3837 το-

233 3880 358 3946 σοῦτον
386 3879 601 3962 διενεχθὴναι
631 3869 674 3942 άν
703 3875 787 3960 πρὸς
820 3873 985 3962 άλλὴιῖους
1015 3879 1170 3964 (forense
1201 3879 1317 3944 melius
1352 3874 1397 3944 οὐ

234 3982 298 4071 γάρ
322 3978 366 4051 dv
389 3983 441 4051 έπλ
465 4011 492 4051 τ.
516 3985 578 4066 δὴ.
607 4011 637 4071 p.
661 3989 725 4050 :rue
750 3989 858 4064 καλῶς
886 3979 929 4050 dr
953 3989 1118 4070 γίγνοιτο.
1146 4010 1177 4072 p.
1200 3988 1267 4052 485
1291 3980 1398 4052 οὐθὲν

234 4089 277 4160 du
305 4090 451 4158 ἐκώλυεν
478 4089 623 4176 ducetque
654 4087 736 4178 ὴμιῗες
765 4089 963 4164 άτιολιιιλειν,
997 4119 1026 4180 p.
1050 4095 1114 4161 ι’)λῖ
1150 4097 1319 4180 ὁιοέκὴσιν
1352 4089 1396 4162 du

233 4196 482 4285 άναγκασθειίὴς
505 4203 562 4284 τὴς
585 4197 717 4285 πρώτης
740 4197 843 4286 dolah:
861 4239 904 4248 -
923 4205 1170 4286 μνημονεῦσαι,
1194 4226 1224 4289 p.
1247 4205 1313 4268 our
1337 4199 1396 4270 οὐ·

235 4307 294 4374 oto
318 4301 361 4374 άν
384 4309 513 4393 μάλλον
541 4304 624 4393 άρχὴ
652 4301 669 4393 ὴ
699 4304 831 4392 τελινιὴ
863 4313 1045 4392 νομίζοιτο,
1073 4334 1104 4396 p.
1128 4311 1192 4376 1518
1222 4309 1397 4378 ἐνέπιπτεν

234 4411 278 4484 dv
301 4410 356 4482 ἀπ’
383 4409 489 4481 αὐτοῦ
513 4429 582 4495 τοῖς
605 4411 798 4503 ὀφθαλμοῖς
823 4411 930 4501 ὴμῶν,
954 4439 985 4502 p.
1006 4419 1067 4484 721
1090 4425 1170 4484 extr.
1193 4414 1283 4498 ὅκοι,Ι
1301 4414 1333 4486 d’
1351 4413 1396 4488 άν
