3022 5038
594 341 634 352 --
683 304 839 372 585-

117 461 198 550 μὲν
221 459 285 548 γάρ
308 457 486 532 κάνταῦθα
509 461 609 550 λόγος
637 457 685 544 εἷς
712 461 839 551 βραχὺς
867 463 1122 554 ἔπιστημονιιιδς
1150 467 1296 553 ἐλέγχων

118 570 196 640 τὸν
224 569 423 656 Χρύσιππον
452 575 457 660 t
487 569 563 640 οὔτε
592 567 723 659 τάληθῆ
752 573 981 659 πρεσβεύοντα
1012 575 1064 642 καί
1100 561 1372 662 μηαὺνοντιιιὸθθι

120 681 302 768 περιττῶς.
337 675 422 748 άλλίι
447 684 483 748 oi
502 679 582 768 μήτε
601 681 842 760 παιδευθέντες
860 681 898 748 έν
921 677 1134 771 ἀποδεικτικῇ
1157 681 1295 774 μεθόδῳ

120 783 222 874 μήθ’
247 784 331 868 ὅλος
354 786 505 874 γνόντες.
530 785 630 856 ὁποία
654 795 704 868 τίς
728 790 809 876 ἐστι,
832 787 926 880 μόνῳ
951 787 987 856 δέ
1011 793 1057 882 τῷ
1081 789 1217 878 μεγέθει
1239 789 1295 858 καλ

121 893 258 984 πλήθει
281 899 351 964 τῶν
375 891 439 964 ὑπὸ
463 902 664 983 Χρυσίππου
688 898 888 984 γραφέντων
910 901 1053 984 βιβλίων
1075 897 1322 985 προσέχοντεςῡ

123 999 197 1074 τόν
218 1007 304 1074 νοῦν
330 1001 444 1092 erues}
473 1009 646 1092 νομίζουσι
675 999 780 1074 πάνθ’
811 1001 975 1093 ὑπάρχειν
1003 999 1097 1074 αὑτά.
1146 1005 1200 1074 ιιαλ
1230 1003 1295 1092 γάρ

125 1112 191 1181 καὶ
215 1109 322 1192 ὅντως
346 1113 413 1180 inti
438 1110 477 1181 τά
502 1120 638 1182 πλεῖστα
667 1109 781 1182 αὐτῶν
803 1109 915 1202 ἀληθῆ
944 1113 997 1182 ιιιιλ
1028 1112 1170 1202 μάλιστά
1194 1137 1231 1201 γε
1253 1111 1295 1182 τὰ

126 1219 219 1289 κατὰ
243 1221 351 1289 έκεῖνο
375 1203 418 1290 τό
436 1224 587 1308 βιβλίον.
611 1221 649 1288 έν
672 1211 698 1312 pi
723 1224 870 1290 δείκνυσι
896 1219 997 1302 ποιάς
1023 1217 1109 1290 εἶναι
1139 1219 1198 1302 τὰς
1220 1217 1295 1309 άρε·

128 1327 202 1410 τάς.
247 1324 333 1396 άλλδι
357 1325 407 1397 ότι
432 1329 477 1419 τῷ
501 1333 584 1414 μίαν
607 1324 807 1421 ὑποθεμένῳ
832 1330 981 1418 δύναμιν
1004 1326 1167 1418 ὑπάρχειν
1193 1329 1295 1420 έντῇ

131 1439 226 1526 ψυχῇ
252 1433 316 1524 τὴν
343 1433 483 1523 λογικήν
510 1461 545 1504 τε
577 1438 632 1505 καὶ
665 1439 817 1525 κριτικὴν
844 1435 1111 1526 ὀνομαζομένην.
1139 1433 1294 1508 ἀνελόντι
1310 1459 1335 1500 ιο

132 1545 173 1614 δέ
196 1541 261 1631 τὴν
279 1543 526 1634 έπιθυμητιιιὴν
549 1571 583 1614 τε
607 1545 660 1613 καλ
681 1549 861 1634 θυμοειδῆ.
884 1545 1037 1632 καθάπερ
1060 1541 1080 1614 ὑ
1099 1543 1296 1631 Χρύσιππος

131 1649 264 1726 άνεῖλε.
296 1649 431 1740 μάχεται
460 1653 501 1720 τὰ
534 1653 617 1721 κατὰ
644 1657 743 1722 τοῦτο
772 1653 810 1722 τὸ
840 1660 973 1742 βιβλίον
1001 1656 1162 1742 είρρμένα
1188 1659 1296 1736 ταυτί,

131 1761 303 1850 μέμψαιτο
330 1757 375 1828 dv
402 1786 453 1840 τις
479 1757 584 1852 αὑτῷ·
611 1761 649 1830 τὸ
681 1763 795 1850 μέντοι
825 1761 1092 1848 καταβάλλεσθαι
1122 1759 1186 1850 τὴν
1210 1757 1295 1849 Ἀρί-

132 1889 264 1948 στωνος
292 1871 424 1955 αἵρεσιν
452 1865 591 1956 άληθῶς
623 1867 688 1938 ὑπὸ
716 1874 785 1940 τῶν
812 1870 1053 1957 γεγραμμένων
1085 1865 1147 1938 οὑκ
1175 1866 1219 1938 άν
1245 1897 1296 1950 τις

131 1977 312 2065 μέμψαιτο.
358 1981 484 2064 νομίζει
508 1976 573 2064 γάρ
596 1975 616 2046 ό
639 1975 727 2067 ἀνὴρ
751 1980 877 2058 ἐκεῖνος
900 1983 982 2066 μίαν
1005 1969 1113 2047 οὖσαν
1134 1973 1198 2064 τὴν
1221 1973 1336 2064 cipe-1⁶

131 2083 200 2172 τὴν
228 2079 372 2172 ὀνόμασι
399 2085 538 2155 πλέοσιν
561 2081 786 2174 ὀνομάζεσθαι
810 2083 893 2155 κατὰ
916 2085 979 2174 τὴν
1005 2083 1089 2172 πρός
1115 2113 1145 2154 τι
1171 2085 1295 2174 σχέσιν.

171 2309 188 2359 2
208 2298 246 2375 μὴ
266 2297 390 2358 adema
408 2301 446 2358 M.
468 2332 501 2346 ·-
521 2311 537 2358 ί
557 2303 680 2373 γνόντες
697 2303 734 2359 M.
755 2333 788 2346 -
808 2311 824 2358 δ
843 2295 948 2372 πλήθει
968 2295 1107 2358 τάναντία
1127 2296 1183 2359 ὑπό
1202 2301 1240 2358 M.
1260 2333 1294 2345 -

132 2385 206 2504 2⁸50
223 2377 288 2504 hed?
301 2373 344 2488 hi.
372 2405 405 2416 -
430 2367 509 2432 θὸτι
529 2371 561 2430 τὸ
585 2377 654 2448 μίαν
672 2375 710 2431 M.
734 2407 768 2418 -
795 2381 828 2431 1³
852 2375 890 2428 rui
914 2373 1011 2444 μέντοι
1029 2373 1066 2429 M.
1092 2407 1124 2416 -
1151 2382 1184 2432 16
1202 2377 1294 2432 πλείσ-

134 2635 294 2718 quattuor
315 2629 476 2698 librorum
495 2629 652 2718 indigeat.
688 2629 749 2697 Est
769 2629 856 2696 enim
879 2631 933 2698 hie
954 2653 1080 2718 quoque
1100 2651 1164 2696 uus
1184 2629 1294 2696 brevis

133 2739 222 2806 ratio
246 2738 389 2827 elegans,
411 2761 494 2825 quae
514 2736 736 2825 Chrysippum
760 2759 864 2825 neque
887 2761 965 2805 reru
985 2739 1145 2806 colentem
1169 2742 1202 2805 et
1225 2737 1295 2804 inu·

136 2848 241 2914 tiliter
263 2847 365 2936 longe
388 2847 537 2914 oratione
565 2851 709 2912 utentem
734 2852 900 2934 coarguat.
946 2847 993 2914 At
1019 2845 1084 2930 illi,
1112 2845 1167 2932 qui
1189 2867 1295 2932 neque

135 2957 170 3023 in
194 2955 373 3022 disserendi
402 2961 472 3021 erte
496 2977 534 3021 uc
562 2954 617 3020 sia
640 2955 759 3022 eruditi
784 2961 859 3022 suut
885 2977 989 3043 neque
1013 2953 1161 3036 omnino,
1188 2953 1296 3040 qualis

135 3087 175 3129 ea
202 3064 255 3132 sit.
279 3067 491 3152 cognoscunt,
514 3063 555 3128 ad
579 3064 682 3128 solam
707 3061 966 3150 magnitudinem
991 3069 1022 3128 et
1052 3061 1295 3130 multitudinem

135 3171 318 3257 Chrysippi
349 3169 509 3238 librorum
548 3171 693 3238 animum
731 3173 938 3238 advertentes
971 3171 1095 3256 omniu,
1131 3191 1215 3257 quse
1247 3171 1294 3238 ibi

135 3281 262 3366 scripta
285 3283 374 3357 sunt,
397 3301 470 3344 vem
497 3299 568 3344 esse
592 3279 803 3346 arbitrantur.
849 3279 1026 3346 Enimvero
1051 3301 1124 3344 cum
1153 3279 1294 3366 plurimu

135 3411 175 3454 ex
200 3389 241 3454 iis
265 3409 342 3453 τετιι
365 3391 451 3470 sunt,
474 3393 546 3452 tum
569 3389 721 3470 maxime,
744 3411 826 3474 ριιιιε
849 3389 884 3455 in
909 3411 947 3456 εο
969 3387 1070 3472 libro,
1093 3409 1158 3473 ροο
1181 3385 1294 3473 quales

135 3519 209 3562 esse
228 3495 367 3560 virtutes
387 3493 540 3573 ostendit,
559 3496 779 3578 continentum
800 3503 833 3560 ut
854 3495 949 3583 quud,
972 3517 1055 3582 ροσε
1075 3495 1108 3562 in
1127 3493 1189 3562 hoc
1209 3494 1295 3562 libro

134 3604 302 3686 dicuntur,
326 3625 461 3688 prorsus
485 3603 649 3669 contraria
677 3603 726 3670 illi
752 3609 841 3688 sunt,
868 3603 921 3692 qui
952 3625 1049 3672 rurum
1074 3607 1203 3670 tuntum
1227 3603 1295 3670 vim

135 3715 170 3780 in
202 3711 313 3778 auimo
346 3711 476 3794 statuit,
508 3733 591 3797 quae
624 3712 795 3778 rationulis
829 3719 859 3778 et
894 3711 1065 3778 iudieutrix
1099 3711 1295 3798 appelletur,

136 3819 278 3888 sublatis
295 3817 432 3906 reliquis
451 3819 587 3902 duabus,
605 3821 855 3906 eoncupiscente
875 3827 907 3886 et
925 3823 1095 3902 irascente,
1114 3819 1198 3884 sieut
1217 3819 1297 3886 iecit

135 3928 353 4014 Chrysippus,
375 3926 408 3992 id
429 3927 546 3992 merito
571 3927 695 3994 homini
722 3929 803 3994 sitio
827 3929 967 3995 dandum
987 3935 1050 4014 est3
1075 3925 1160 4013 quod
1184 3931 1294 3994 eutem

139 4035 303 4102 iurisiunis
327 4039 450 4100 sectam
474 4059 526 4108 eu.
550 4059 632 4122 quue
657 4037 702 4102 ihi
727 4037 850 4120 scriptu
874 4041 959 4120 sunt,
982 4035 1190 4116 subvertunt,
1213 4035 1294 4100 sitio

135 4141 208 4208 dari
232 4163 298 4208 non
321 4147 441 4228 potest.
482 4143 589 4210 λἰιιοο
614 4143 699 4210 εοὶιο
724 4143 880 4210 uirtutem
905 4165 976 4208 esse
999 4143 1154 4228 opinetur
1172 4143 1295 4226 Ατίελο,

137 4275 220 4338 quac·
245 4249 393 4336 pluribus
413 4253 611 4336 nominibus,
636 4255 731 4337 prout
756 4251 794 4316 ud
816 4251 938 4338 aliquid
958 4251 1127 4325 referatur,
1150 4249 1293 4336 appelle·

136 4367 200 4426 tur.
245 4358 453 4446 Chrysippus
479 4359 583 4448 igitur
604 4383 670 4428 non
689 4359 722 4426 in
750 4361 909 4426 relatione
934 4357 973 4426 ud
998 4357 1120 4445 aliquid
1145 4357 1292 4426 multitu·
