2982 5014
546 265 795 330 -415-

93 423 155 491 ‘nul
179 419 341 492 ἀσθενεῖν
362 423 418 492 καὶ
442 419 603 504 εὐτόνους
625 423 679 492 καὶ
705 419 849 502 ἀτόνους
872 418 959 490 εἶναι
983 422 1038 491 καὶ
1063 426 1110 491 ἔτι
1135 404 1252 492 νοσεῖν

93 533 157 599 ’καὶ
181 529 365 618 ὑγιαίνειν,
393 529 482 603 οὕτω
510 559 580 614 πως
602 531 657 600 καὶ
680 534 742 600 τοῦ
764 529 900 611 πάθους
921 529 976 598 καὶ
999 533 1062 600 τοῦ
1084 529 1167 600 κατὰ
1190 525 1251 599 αύ-

93 643 163 726 ’τιγν
183 635 444 729 ἀρρωστήματος
461 641 647 728 λεγομένου
670 639 724 707 καί
749 643 818 706 τῶν
835 637 969 717 τούτοις
986 641 1250 728 παραπλησίων.’

91 751 241 835 ἐναργῶς
262 746 327 836 γάρ
351 751 389 818 ἐν
410 749 545 830 τούτοις
568 746 586 816 ό
612 745 807 834 Χρύσιππος
830 741 1017 834 ἀναλογιάν
1042 749 1047 838 Ι
1071 744 1148 817 τινά
1171 746 1319 836 βοά-439

91 863 180 924 λεται
206 855 368 938 στόζεσθαι
393 862 463 926 τῶν
487 859 526 926 ἐν
552 859 593 944 rr}
617 859 705 944 ψυχῇ
734 868 803 934 τοῖς
826 853 969 924 κατὰτὸ
993 857 1089 943 σῶμα
1112 855 1167 924 καὶ
1190 881 1286 925 στα-τ

90 967 166 1032 θῶν
193 990 279 1052 προς
305 967 399 1053 πάθη
427 967 482 1034 καὶ
512 962 784 1051 ἀρρωστημάτων
815 987 899 1051 προς
926 958 1168 1052 ἀρρωστήματα
1195 953 1270 1032 καῖ’

93 1072 292 1161 νοσημάτων
314 1071 399 1160 πρὸς
417 1072 592 1161 νοσήματα
615 1072 668 1140 καὶ
690 1069 819 1158 ὑγιείας
840 1067 926 1158 πρὸς
948 1067 1081 1157 ὑγίειαν
1103 1069 1159 1140 καὶ
1182 1067 1252 1140 εύε-

90 1185 160 1262 ξίας
183 1182 268 1271 πρὸς
291 1179 422 1262 εὐεξίαν
445 1182 500 1250 καὶ
525 1179 642 1268 ι’σχύος
659 1179 743 1266 πρὸς
767 1177 867 1267 ίσχὺν
889 1178 945 1248 καὶ
968 1175 1147 1260 ἀσθενείας
1169 1177 1254 1268 πρὸς

90 1285 274 1358 ἀσθένειαν
296 1291 352 1359 καὶ
380 1286 493 1369 ἁπλῶς
516 1293 623 1358 εἰπεῖν
650 1285 810 1356 ἁπάντων
836 1289 905 1356 τῶν
928 1285 1138 1375 συνωνύμως
1159 1293 1252 1374 λεγο-

90 1399 203 1483 μίνων
226 1397 311 1486 πρὸς
334 1395 479 1466 ἅπαντα·
507 1397 562 1465 καὶ
587 1395 652 1484 γάρ
674 1395 825 1484 τοῦνομα
847 1396 902 1463 καὶ
925 1393 1115 1482 τὸνλόγον
1137 1390 1252 1468 αὐτῶν
1266 1425 1293 1466 ιο

90 1503 247 1588 βούλεται
271 1502 358 1574 εἶναι
385 1504 447 1574 τὸν
470 1501 592 1585 αὐτόν,
621 1511 654 1571 εί
677 1527 713 1589 γε
743 1501 784 1590 δι’)
810 1501 995 1592 συνιόνυμά
1018 1521 1126 1592 φησιν
1147 1499 1252 1592 ἀπάρ-

89 1638 161 1698 χειν
184 1608 281 1681 αύτά.
325 1611 425 1696 ὥστε,
449 1611 539 1692 ὅπως
562 1609 606 1679 άν
632 1637 682 1690 τις
710 1609 857 1698 ὁρίζηται
881 1609 1034 1680 καθόλου
1060 1609 1123 1700 τὴν
1146 1611 1184 1680 ἕν
1205 1615 1251 1705 τῷ

90 1719 218 1808 στόματι
242 1719 360 1808 νόσον,
382 1717 570 1807 ἀναγκαῖον
593 1717 681 1788 εἶναι
703 1717 811 1811 τούτῳ
835 1718 890 1787 καὶ
913 1715 977 1806 τὴν
999 1719 1145 1810 ἐνψυχῇ
1169 1716 1251 1788 ιιιττά

90 1827 149 1896 τὸν
183 1825 291 1897 αύτὸν
327 1828 456 1916 τρόπον
494 1826 675 1916 ὁρίζεσθαι.
732 1825 781 1896 ὅτι
816 1825 878 1915 μὲν
910 1819 975 1895 οὖν
1003 1825 1174 1914 πρόκειται
1205 1829 1251 1920 τῷ
1330 1882 1344 1906 ,

89 1944 275 2028 Χρυσιππῳ
303 1934 491 2024 ἀναλογίαν
522 1933 657 2004 ἃπασαν
690 1937 885 2022 ε’ξιγγεΐσθαί
909 1963 943 2003 τε
975 1937 1031 2003 καὶ
1059 1933 1253 2022 φυλάττειν,
1267 1967 1296 2012 ιο,

91 2047 126 2112 ἐκ
150 2045 284 2114 τούτων
307 2049 422 2133 tritor.
458 2050 490 2113 εί
512 2043 548 2112 ἀὲ
568 2043 778 2131 ἐπιχειρήσεις
796 2040 878 2111 αὐτὸ
897 2057 1008 2112 ποιεῖν
1030 2038 1073 2110 ού
1094 2040 1252 2132 τυγχάνει

89 2157 150 2220 τοῦ
172 2155 410 2240 προτεθέντος,
434 2149 496 2223 ούκ
519 2149 726 2222 ἀποστατέον
750 2151 818 2220 ἐστὶ
846 2155 905 2239 τῆς
927 2147 1139 2242 ὁμοιότητος,
1167 2146 1252 2220 ἀλλά

126 2397 142 2444 5
162 2379 308 2456 τεύξεσθαι
326 2403 378 2459 pro
397 2382 539 2454 τεύξεσθαι
557 2387 595 2444 M.
615 2417 650 2430 -
675 2393 706 2444 11
727 2390 794 2443 ante
814 2381 889 2442 εἶναι
912 2353 1080 2444 inseminis
1103 2379 1252 2459 βοόλεταις

91 2461 124 2518 cl.
144 2461 234 2518 Proll.
252 2479 281 2534 p.
302 2465 362 2517 108.
382 2489 416 2502 ·-
437 2467 470 2516 16
489 2455 561 2515 αύτό
581 2455 613 2516 τὸ
632 2466 727 2516 ποιεῖν
744 2459 775 2516 Μ
793 2453 886 2515 αύτάν
903 2465 998 2516 ποιεῖν
1016 2457 1125 2516 nfloh.
1144 2489 1179 2501 -

89 2701 215 2766 uliter
252 2696 415 2764 affectio
448 2701 486 2762 et
521 2697 749 2784 aegrotatio
787 2697 944 2784 alisque
977 2697 1015 2762 id
1047 2717 1173 2785 genus
1212 2695 1253 2764 in

89 2811 226 2874 animo
250 2807 330 2873 dici
353 2803 505 2872 solent'
552 2807 675 2890 Aperte
701 2803 755 2870 hic
779 2801 986 2891 Chrysippus
1014 2827 1141 2892 eorum,
1168 2827 1251 2892 quae

88 2917 122 2982 in
147 2915 262 2982 animo
286 2917 377 2994 sunt,
406 2935 480 2979 oum
503 2913 559 2998 fis,
587 2935 671 2998 (puae
694 2913 728 2978 in
752 2935 903 2998 corpore,
929 2913 1093 2998 quandum
1116 2935 1253 3001 propor-

88 3025 216 3090 tionem
242 3023 366 3088 servuri
393 3021 465 3087 vult
493 3021 704 3087 affectionum
728 3043 801 3086 cum
830 3021 1073 3106 affectionibus,
1103 3026 1253 3110 aegrota-

88 3133 222 3197 tionum
245 3152 319 3196 cum
344 3127 636 3216 aegrotationibus,
658 3129 849 3194 morborum
872 3151 946 3194 cum
969 3129 1109 3216 morbis,
1132 3129 1254 3196 sunit&

89 3243 229 3306 liscum
254 3237 406 3322 sanitate,
428 3237 506 3303 boni
524 3236 659 3302 habitus
679 3259 752 3301 cum
771 3236 858 3302 bono
881 3235 1008 3322 habitu,
1030 3237 1159 3304 roboris
1177 3259 1253 3305 curn

89 3351 221 3431 robore,
244 3345 485 3412 imbecillitatis
505 3367 578 3410 curn
602 3343 839 3430 imbecillitate,
861 3348 900 3410 ut
923 3345 1024 3410 semel
1046 3345 1164 3432 dicum,
1185 3368 1254 3412 orn-

87 3457 182 3522 nium
204 3454 511 3541 cognominatomm
531 3475 604 3519 cum
625 3453 790 3538 omnibus;
813 3475 891 3518 unm
911 3457 945 3518 et
961 3475 1082 3520 nomen
1100 3459 1135 3520 et
1151 3457 1253 3520 ratio·

87 3587 165 3631 nem
198 3583 312 3629 eorum
341 3561 475 3628 eundem
509 3583 580 3627 esse
612 3559 696 3646 vult,
729 3561 757 3625 si
791 3559 923 3646 quidem
952 3562 1184 3649 cognominato
1213 3583 1253 3630 ea

89 3697 159 3739 esse
185 3671 276 3737 dicit.
313 3669 482 3756 Quocirca,
505 3691 697 3756 quocunque
716 3667 814 3736 modo
838 3669 910 3755 quis
929 3669 1080 3736 universe
1100 3670 1252 3736 morbum

89 3781 242 3868 eorporis
258 3763 388 3863 'definit
411 3778 525 3845 codem
545 3777 646 3842 etium
671 3776 773 3842 animi
792 3778 944 3844 morbum
968 3776 1102 3844 definiat
1119 3799 1252 3845 necesse

89 3897 146 3956 cst
191 3887 287 3954 Velle
308 3888 413 3974 igitur
431 3881 652 3972 Chrysippum
676 3886 923 3970 proportionem
941 3885 1128 3952 universam
1151 3884 1252 3971 expli·

88 4020 163 4064 care
190 4001 224 4061 et
248 4015 379 4062 servurc
403 4017 442 4061 ex
469 3993 523 4060 his
550 3997 651 4079 patet.
698 3991 821 4070 Quodsi
850 4015 1026 4081 eggressus
1052 3993 1116 4061 lroc
1142 3993 1251 4060 lucere

86 4129 153 4172 non
180 4105 377 4190 assequitur,
400 4103 486 4189 quod
506 4102 570 4168 sibi
590 4101 771 4188 proposuit,
793 4124 861 4167 non
878 4101 1001 4170 idcirco
1024 4105 1075 4167 est
1093 4123 1113 4168 u
1136 4101 1252 4168 simili·

88 4215 204 4280 tudine
240 4211 468 4297 recedendum,
504 4210 560 4276 sed
595 4210 678 4276 ritio
709 4209 898 4276 vertendum
936 4209 1104 4277 doctrinae
1136 4213 1252 4296 utpote

87 4323 202 4388 t'alsue.
249 4317 323 4386 Hoc
345 4343 411 4387 non
439 4319 548 4387 minus
573 4319 661 4386 cudit
683 4319 719 4386 in
741 4323 930 4406 sequentem
959 4318 1029 4386 eius
1050 4323 1156 4386 totum
1182 4341 1252 4386 ora-
