<?xml version="1.0" encoding="UTF-8"?>
<!DOCTYPE html PUBLIC "-//W3C//DTD XHTML 1.0 Transitional//EN"
    "http://www.w3.org/TR/xhtml1/DTD/xhtml1-transitional.dtd">
<html xmlns="http://www.w3.org/1999/xhtml" xml:lang="en" lang="en">
 <head>
  <title>
</title>
<meta http-equiv="Content-Type" content="text/html;charset=utf-8" />
  <meta name='ocr-system' content='tesseract 3.04.00' />
  <meta name='ocr-capabilities' content='ocr_page ocr_carea ocr_par ocr_line ocrx_word'/>
</head>
<body>
  <div class='ocr_page' id='page_1' title='image "./claudiigalenide01mlgoog_0469.png"; bbox 0 0 3024 5022; ppageno 0'>
   <div class='ocr_carea' id='block_1_1' title="bbox 729 296 975 392">
    <p class='ocr_par' dir='ltr' id='par_1_1' title="bbox 729 296 975 392">
     <span class='ocr_line' id='line_1_1' title="bbox 729 296 975 392; baseline -0.012 0"><span class='ocrx_word' id='word_1_1' title='bbox 729 296 975 392; x_wconf 62' lang='lat' dir='ltr'>ss-rao-</span> 
     </span>
    </p>
   </div>
   <div class='ocr_carea' id='block_1_2' title="bbox 228 481 1422 2194">
    <p class='ocr_par' dir='ltr' id='par_1_2' title="bbox 228 481 1422 2194">
     <span class='ocr_line' id='line_1_2' title="bbox 267 481 1421 572; baseline -0.003 -18"><span class='ocrx_word' id='word_1_2' title='bbox 267 483 400 572; x_wconf 89' lang='grc' dir='ltr'><strong><em>λόγον’,</em></strong></span> <span class='ocrx_word' id='word_1_3' title='bbox 427 481 492 554; x_wconf 80' lang='grc' dir='ltr'><strong><em>ὅσα</em></strong></span> <span class='ocrx_word' id='word_1_4' title='bbox 522 511 558 552; x_wconf 88' lang='grc' dir='ltr'><strong><em>τε</em></strong></span> <span class='ocrx_word' id='word_1_5' title='bbox 591 483 674 554; x_wconf 79' lang='grc' dir='ltr'><strong><em>ἀλλα</em></strong></span> <span class='ocrx_word' id='word_1_6' title='bbox 703 489 841 552; x_wconf 83' lang='grc' dir='ltr'><strong><em>τοιαῦτα</em></strong></span> <span class='ocrx_word' id='word_1_7' title='bbox 869 486 1097 572; x_wconf 74' lang='grc' dir='ltr'><strong><em>προσέγραψε,</em></strong></span> <span class='ocrx_word' id='word_1_8' title='bbox 1130 489 1356 554; x_wconf 79' lang='grc' dir='ltr'><strong><em>συνίστασθαι</em></strong></span> <span class='ocrx_word' id='word_1_9' title='bbox 1388 482 1421 552; x_wconf 89' lang='grc' dir='ltr'><strong><em>τὸ</em></strong></span> 
     </span>
     <span class='ocr_line' id='line_1_3' title="bbox 267 589 1421 684; baseline -0.001 -23"><span class='ocrx_word' id='word_1_10' title='bbox 267 592 394 678; x_wconf 87' lang='grc' dir='ltr'><strong><em>πάθος,</em></strong></span> <span class='ocrx_word' id='word_1_11' title='bbox 421 589 506 662; x_wconf 83' lang='grc' dir='ltr'><strong><em>ἀλλά</em></strong></span> <span class='ocrx_word' id='word_1_12' title='bbox 535 591 617 662; x_wconf 84' lang='grc' dir='ltr'><strong><em>ὁταν</em></strong></span> <span class='ocrx_word' id='word_1_13' title='bbox 645 589 789 680; x_wconf 85' lang='grc' dir='ltr'><strong><em>ἀπειθής</em></strong></span> <span class='ocrx_word' id='word_1_14' title='bbox 818 589 836 680; x_wconf 90' lang='grc' dir='ltr'><strong><em>ή</em></strong></span> <span class='ocrx_word' id='word_1_15' title='bbox 865 591 951 681; x_wconf 84' lang='grc' dir='ltr'><strong><em>ὁρμή</em></strong></span> <span class='ocrx_word' id='word_1_16' title='bbox 979 599 1112 680; x_wconf 76' lang='grc' dir='ltr'><strong><em>γίνηται</em></strong></span> <span class='ocrx_word' id='word_1_17' title='bbox 1137 596 1182 684; x_wconf 80' lang='grc' dir='ltr'><strong><em>τῷ</em></strong></span> <span class='ocrx_word' id='word_1_18' title='bbox 1211 593 1316 684; x_wconf 79' lang='grc' dir='ltr'><strong><em>λόγῳ,</em></strong></span> <span class='ocrx_word' id='word_1_19' title='bbox 1345 591 1421 661; x_wconf 73' lang='grc' dir='ltr'><strong><em>ὥστε</em></strong></span> 
     </span>
     <span class='ocr_line' id='line_1_4' title="bbox 267 697 1420 788; baseline 0 -20"><span class='ocrx_word' id='word_1_20' title='bbox 267 697 444 768; x_wconf 79' lang='grc' dir='ltr'><strong><em>κάνταῦθα</em></strong></span> <span class='ocrx_word' id='word_1_21' title='bbox 466 699 569 769; x_wconf 77' lang='grc' dir='ltr'><strong><em>πάλιν</em></strong></span> <span class='ocrx_word' id='word_1_22' title='bbox 589 703 844 787; x_wconf 84' lang='grc' dir='ltr'><strong><em>ίναντιολογίαν</em></strong></span> <span class='ocrx_word' id='word_1_23' title='bbox 866 699 942 768; x_wconf 82' lang='grc' dir='ltr'><strong><em>τινὰ</em></strong></span> <span class='ocrx_word' id='word_1_24' title='bbox 962 697 1176 785; x_wconf 82' lang='grc' dir='ltr'><strong><em>εὑρίσκεσθαι</em></strong></span> <span class='ocrx_word' id='word_1_25' title='bbox 1199 705 1263 770; x_wconf 82' lang='grc' dir='ltr'><strong><em>τοῦ</em></strong></span> <span class='ocrx_word' id='word_1_26' title='bbox 1282 709 1420 788; x_wconf 80' lang='grc' dir='ltr'><strong><em>Χρυσίπ·</em></strong></span> 
     </span>
     <span class='ocr_line' id='line_1_5' title="bbox 266 804 1418 898; baseline 0 -22"><span class='ocrx_word' id='word_1_27' title='bbox 266 833 335 877; x_wconf 86' lang='grc' dir='ltr'><strong><em>που</em></strong></span> <span class='ocrx_word' id='word_1_28' title='bbox 357 806 441 896; x_wconf 84' lang='grc' dir='ltr'><strong><em>πρὸς</em></strong></span> <span class='ocrx_word' id='word_1_29' title='bbox 464 807 601 890; x_wconf 83' lang='grc' dir='ltr'><strong><em>ἑαυτόν,</em></strong></span> <span class='ocrx_word' id='word_1_30' title='bbox 629 819 720 896; x_wconf 76' lang='grc' dir='ltr'><strong><em>εἰπερ</em></strong></span> <span class='ocrx_word' id='word_1_31' title='bbox 749 805 960 896; x_wconf 83' lang='grc' dir='ltr'><strong><em>ἀποχωρίσας</em></strong></span> <span class='ocrx_word' id='word_1_32' title='bbox 987 804 1024 875; x_wconf 86' lang='grc' dir='ltr'><strong><em>τὸ</em></strong></span> <span class='ocrx_word' id='word_1_33' title='bbox 1052 807 1165 889; x_wconf 82' lang='grc' dir='ltr'><strong><em>πάθος</em></strong></span> <span class='ocrx_word' id='word_1_34' title='bbox 1191 813 1261 878; x_wconf 78' lang='grc' dir='ltr'><strong><em>τῶν</em></strong></span> <span class='ocrx_word' id='word_1_35' title='bbox 1288 815 1418 898; x_wconf 82' lang='grc' dir='ltr'><strong><em>ὁιήμιιρ-</em></strong></span> 
     </span>
     <span class='ocr_line' id='line_1_6' title="bbox 240 909 1421 1006; baseline 0.003 -25"><span class='ocrx_word' id='word_1_36' title='bbox 240 917 422 1006; x_wconf 82' lang='grc' dir='ltr'><strong><em>ιτημίνων</em></strong></span> <span class='ocrx_word' id='word_1_37' title='bbox 449 923 593 1005; x_wconf 82' lang='grc' dir='ltr'><strong><em>κρίσεων</em></strong></span> <span class='ocrx_word' id='word_1_38' title='bbox 623 909 727 997; x_wconf 85' lang='grc' dir='ltr'><strong><em>αὖθις</em></strong></span> <span class='ocrx_word' id='word_1_39' title='bbox 754 918 792 984; x_wconf 80' lang='grc' dir='ltr'><strong><em>ἐν</em></strong></span> <span class='ocrx_word' id='word_1_40' title='bbox 823 920 862 1005; x_wconf 83' lang='grc' dir='ltr'><strong><em>τή</em></strong></span> <span class='ocrx_word' id='word_1_41' title='bbox 895 921 964 984; x_wconf 79' lang='grc' dir='ltr'><strong><em>τῶν</em></strong></span> <span class='ocrx_word' id='word_1_42' title='bbox 995 923 1139 1004; x_wconf 81' lang='grc' dir='ltr'><strong><em>κρίσεων</em></strong></span> <span class='ocrx_word' id='word_1_43' title='bbox 1166 915 1251 1003; x_wconf 88' lang='grc' dir='ltr'><strong><em>πρὸς</em></strong></span> <span class='ocrx_word' id='word_1_44' title='bbox 1283 915 1421 1006; x_wconf 85' lang='grc' dir='ltr'><strong><em>ἀλλήλας</em></strong></span> 
     </span>
     <span class='ocr_line' id='line_1_7' title="bbox 268 1023 1419 1116; baseline 0.001 -23"><span class='ocrx_word' id='word_1_45' title='bbox 268 1026 501 1116; x_wconf 82' lang='grc' dir='ltr'><strong><em>ίναντιολογίςι</em></strong></span> <span class='ocrx_word' id='word_1_46' title='bbox 523 1023 564 1094; x_wconf 89' lang='grc' dir='ltr'><strong><em>τά</em></strong></span> <span class='ocrx_word' id='word_1_47' title='bbox 592 1051 626 1094; x_wconf 88' lang='grc' dir='ltr'><strong><em>τε</em></strong></span> <span class='ocrx_word' id='word_1_48' title='bbox 650 1024 822 1112; x_wconf 88' lang='grc' dir='ltr'><strong><em>νοσήματα</em></strong></span> <span class='ocrx_word' id='word_1_49' title='bbox 846 1029 904 1112; x_wconf 85' lang='grc' dir='ltr'><strong><em>τής</em></strong></span> <span class='ocrx_word' id='word_1_50' title='bbox 931 1027 1039 1112; x_wconf 66' lang='grc' dir='ltr'><strong><em>ψυχῆς</em></strong></span> <span class='ocrx_word' id='word_1_51' title='bbox 1061 1025 1114 1092; x_wconf 75' lang='grc' dir='ltr'><strong><em>καί</em></strong></span> <span class='ocrx_word' id='word_1_52' title='bbox 1140 1023 1181 1092; x_wconf 77' lang='grc' dir='ltr'><strong><em>τὰ</em></strong></span> <span class='ocrx_word' id='word_1_53' title='bbox 1209 1025 1304 1111; x_wconf 76' lang='grc' dir='ltr'><strong><em>πάθιγ</em></strong></span> <span class='ocrx_word' id='word_1_54' title='bbox 1334 1034 1419 1094; x_wconf 81' lang='grc' dir='ltr'><strong><em>συνί·</em></strong></span> 
     </span>
     <span class='ocr_line' id='line_1_8' title="bbox 268 1131 1420 1222; baseline 0.002 -22"><span class='ocrx_word' id='word_1_55' title='bbox 268 1141 413 1201; x_wconf 88' lang='grc' dir='ltr'><strong><em>στασθαι</em></strong></span> <span class='ocrx_word' id='word_1_56' title='bbox 446 1134 545 1219; x_wconf 86' lang='grc' dir='ltr'><strong><em>λε’γει.</em></strong></span> <span class='ocrx_word' id='word_1_57' title='bbox 600 1131 645 1222; x_wconf 81' lang='grc' dir='ltr'><strong><em>μή</em></strong></span> <span class='ocrx_word' id='word_1_58' title='bbox 678 1139 798 1201; x_wconf 91' lang='grc' dir='ltr'><strong><em>τοίνυν</em></strong></span> <span class='ocrx_word' id='word_1_59' title='bbox 831 1131 1056 1220; x_wconf 78' lang='grc' dir='ltr'><strong><em>θαυμάζωμεν</em></strong></span> <span class='ocrx_word' id='word_1_60' title='bbox 1089 1137 1136 1200; x_wconf 82' lang='grc' dir='ltr'><strong><em>ἔτι</em></strong></span> <span class='ocrx_word' id='word_1_61' title='bbox 1168 1131 1252 1220; x_wconf 65' lang='grc' dir='ltr'><strong><em>μηδὲ</em></strong></span> <span class='ocrx_word' id='word_1_62' title='bbox 1287 1131 1338 1202; x_wconf 84' lang='grc' dir='ltr'><strong><em>ὁτι</em></strong></span> <span class='ocrx_word' id='word_1_63' title='bbox 1369 1133 1420 1214; x_wconf 85' lang='grc' dir='ltr'><strong><em>τάς</em></strong></span> 
     </span>
     <span class='ocr_line' id='line_1_9' title="bbox 267 1236 1421 1328; baseline 0.002 -20"><span class='ocrx_word' id='word_1_64' title='bbox 267 1246 452 1326; x_wconf 72' lang='grc' dir='ltr'><strong><em>θεραπείας</em></strong></span> <span class='ocrx_word' id='word_1_65' title='bbox 477 1244 546 1310; x_wconf 78' lang='grc' dir='ltr'><strong><em>τῶν</em></strong></span> <span class='ocrx_word' id='word_1_66' title='bbox 572 1243 696 1308; x_wconf 76' lang='grc' dir='ltr'><strong><em>παθῶν</em></strong></span> <span class='ocrx_word' id='word_1_67' title='bbox 727 1237 841 1326; x_wconf 78' lang='grc' dir='ltr'><strong><em>ὀρθῶς</em></strong></span> <span class='ocrx_word' id='word_1_68' title='bbox 872 1240 935 1328; x_wconf 72' lang='grc' dir='ltr'><strong><em>μὲν</em></strong></span> <span class='ocrx_word' id='word_1_69' title='bbox 967 1236 985 1308; x_wconf 90' lang='grc' dir='ltr'><strong><em>ὁ</em></strong></span> <span class='ocrx_word' id='word_1_70' title='bbox 1016 1237 1162 1308; x_wconf 83' lang='grc' dir='ltr'><strong><em>Πλάτων</em></strong></span> <span class='ocrx_word' id='word_1_71' title='bbox 1188 1245 1350 1326; x_wconf 63' lang='grc' dir='ltr'><strong><em>ἔγραψεν,</em></strong></span> <span class='ocrx_word' id='word_1_72' title='bbox 1371 1239 1421 1320; x_wconf 62' lang='grc' dir='ltr'><strong><em>,ἀς</em></strong></span> 
     </span>
     <span class='ocr_line' id='line_1_10' title="bbox 230 1343 1421 1437; baseline 0.002 -21"><span class='ocrx_word' id='word_1_73' title='bbox 230 1383 239 1392; x_wconf 91' lang='grc'><em>·</em></span> <span class='ocrx_word' id='word_1_74' title='bbox 267 1347 321 1416; x_wconf 75' lang='grc' dir='ltr'><strong><em>καί</em></strong></span> <span class='ocrx_word' id='word_1_75' title='bbox 347 1345 365 1416; x_wconf 89' lang='grc' dir='ltr'><strong><em>ὁ</em></strong></span> <span class='ocrx_word' id='word_1_76' title='bbox 391 1345 622 1427; x_wconf 75' lang='grc' dir='ltr'><strong><em>Ποσειδώνιος</em></strong></span> <span class='ocrx_word' id='word_1_77' title='bbox 649 1343 738 1437; x_wconf 82' lang='grc' dir='ltr'><strong><em>αὐτῷ</em></strong></span> <span class='ocrx_word' id='word_1_78' title='bbox 763 1361 939 1434; x_wconf 83' lang='grc' dir='ltr'><strong><em>μαρτυρεῖ,</em></strong></span> <span class='ocrx_word' id='word_1_79' title='bbox 967 1351 1148 1436; x_wconf 76' lang='grc' dir='ltr'><strong><em>μοχθηρῶς</em></strong></span> <span class='ocrx_word' id='word_1_80' title='bbox 1171 1347 1207 1415; x_wconf 71' lang='grc' dir='ltr'><strong><em>ὁὸ</em></strong></span> <span class='ocrx_word' id='word_1_81' title='bbox 1236 1345 1255 1417; x_wconf 90' lang='lat'>6</span> <span class='ocrx_word' id='word_1_82' title='bbox 1281 1347 1421 1435; x_wconf 80' lang='grc' dir='ltr'><strong><em>Χρύσιπ-</em></strong></span> 
     </span>
     <span class='ocr_line' id='line_1_11' title="bbox 229 1451 1418 1544; baseline 0.004 -24"><span class='ocrx_word' id='word_1_83' title='bbox 229 1482 254 1521; x_wconf 87' lang='grc' dir='ltr'><strong><em>ιο</em></strong></span> <span class='ocrx_word' id='word_1_84' title='bbox 267 1479 338 1536; x_wconf 92' lang='grc' dir='ltr'><strong><em>πος.</em></strong></span> <span class='ocrx_word' id='word_1_85' title='bbox 374 1452 392 1524; x_wconf 93' lang='grc' dir='ltr'><strong><em>ὁ</em></strong></span> <span class='ocrx_word' id='word_1_86' title='bbox 418 1453 481 1543; x_wconf 79' lang='grc' dir='ltr'><strong><em>γὰρ</em></strong></span> <span class='ocrx_word' id='word_1_87' title='bbox 505 1454 585 1543; x_wconf 88' lang='grc' dir='ltr'><strong><em>μήτε</em></strong></span> <span class='ocrx_word' id='word_1_88' title='bbox 609 1455 717 1535; x_wconf 85' lang='grc' dir='ltr'><strong><em>πάσας</em></strong></span> <span class='ocrx_word' id='word_1_89' title='bbox 739 1454 798 1534; x_wconf 84' lang='grc' dir='ltr'><strong><em>τὰς</em></strong></span> <span class='ocrx_word' id='word_1_90' title='bbox 820 1461 928 1536; x_wconf 81' lang='grc' dir='ltr'><strong><em>αἰτίας</em></strong></span> <span class='ocrx_word' id='word_1_91' title='bbox 950 1459 1019 1524; x_wconf 75' lang='grc' dir='ltr'><strong><em>τῶν</em></strong></span> <span class='ocrx_word' id='word_1_92' title='bbox 1038 1459 1160 1524; x_wconf 76' lang='grc' dir='ltr'><strong><em>παθῶν</em></strong></span> <span class='ocrx_word' id='word_1_93' title='bbox 1183 1451 1418 1544; x_wconf 76' lang='grc' dir='ltr'><strong><em>ἀποφήνασθαι</em></strong></span> 
     </span>
     <span class='ocr_line' id='line_1_12' title="bbox 267 1560 1422 1652; baseline 0.001 -21"><span class='ocrx_word' id='word_1_94' title='bbox 267 1562 445 1650; x_wconf 73' lang='grc' dir='ltr'><strong><em>τολμήσας,</em></strong></span> <span class='ocrx_word' id='word_1_95' title='bbox 469 1560 553 1632; x_wconf 84' lang='grc' dir='ltr'><strong><em>ἀλλὰ</em></strong></span> <span class='ocrx_word' id='word_1_96' title='bbox 578 1565 615 1632; x_wconf 81' lang='grc' dir='ltr'><strong><em>ίν</em></strong></span> <span class='ocrx_word' id='word_1_97' title='bbox 638 1577 709 1642; x_wconf 82' lang='grc' dir='ltr'><strong><em>ταῖς</em></strong></span> <span class='ocrx_word' id='word_1_98' title='bbox 732 1563 952 1648; x_wconf 81' lang='grc' dir='ltr'><strong><em>κυριωτάταις</em></strong></span> <span class='ocrx_word' id='word_1_99' title='bbox 975 1561 1115 1650; x_wconf 78' lang='grc' dir='ltr'><strong><em>ἀπορεῖν</em></strong></span> <span class='ocrx_word' id='word_1_100' title='bbox 1136 1561 1359 1652; x_wconf 77' lang='grc' dir='ltr'><strong><em>ὁμολογήσας,</em></strong></span> <span class='ocrx_word' id='word_1_101' title='bbox 1381 1563 1422 1644; x_wconf 80' lang='grc' dir='ltr'><strong><em>ὡς</em></strong></span> 
     </span>
     <span class='ocr_line' id='line_1_13' title="bbox 268 1665 1421 1762; baseline 0.002 -24"><span class='ocrx_word' id='word_1_102' title='bbox 268 1671 306 1740; x_wconf 85' lang='grc' dir='ltr'><strong><em>ίν</em></strong></span> <span class='ocrx_word' id='word_1_103' title='bbox 329 1674 375 1762; x_wconf 77' lang='grc' dir='ltr'><strong><em>τῷ</em></strong></span> <span class='ocrx_word' id='word_1_104' title='bbox 394 1669 459 1758; x_wconf 89' lang='grc' dir='ltr'><strong><em>πρὸ</em></strong></span> <span class='ocrx_word' id='word_1_105' title='bbox 484 1670 608 1740; x_wconf 81' lang='grc' dir='ltr'><strong><em>τούτου</em></strong></span> <span class='ocrx_word' id='word_1_106' title='bbox 627 1672 789 1738; x_wconf 79' lang='grc' dir='ltr'><strong><em>ὁίὸεικται</em></strong></span> <span class='ocrx_word' id='word_1_107' title='bbox 811 1671 989 1759; x_wconf 76' lang='grc' dir='ltr'><strong><em>γράμματι,</em></strong></span> <span class='ocrx_word' id='word_1_108' title='bbox 1013 1671 1092 1760; x_wconf 88' lang='grc' dir='ltr'><strong><em>μήτε</em></strong></span> <span class='ocrx_word' id='word_1_109' title='bbox 1112 1673 1150 1740; x_wconf 77' lang='grc' dir='ltr'><strong><em>ἐν</em></strong></span> <span class='ocrx_word' id='word_1_110' title='bbox 1168 1665 1223 1752; x_wconf 85' lang='grc' dir='ltr'><strong><em>αἶς</em></strong></span> <span class='ocrx_word' id='word_1_111' title='bbox 1246 1673 1421 1760; x_wconf 81' lang='grc' dir='ltr'><strong><em>ἐτόλμησεν</em></strong></span> 
     </span>
     <span class='ocr_line' id='line_1_14' title="bbox 268 1769 1419 1866; baseline 0.003 -20"><span class='ocrx_word' id='word_1_112' title='bbox 268 1782 374 1848; x_wconf 80' lang='grc' dir='ltr'><strong><em>εἰπεῖν</em></strong></span> <span class='ocrx_word' id='word_1_113' title='bbox 397 1807 427 1848; x_wconf 89' lang='grc' dir='ltr'><strong><em>τι</em></strong></span> <span class='ocrx_word' id='word_1_114' title='bbox 451 1782 558 1860; x_wconf 80' lang='grc' dir='ltr'><strong><em>καλῶς</em></strong></span> <span class='ocrx_word' id='word_1_115' title='bbox 581 1776 843 1866; x_wconf 72' lang='grc' dir='ltr'><strong><em>ἀποφηνάμενος</em></strong></span> <span class='ocrx_word' id='word_1_116' title='bbox 865 1769 964 1858; x_wconf 84' lang='grc' dir='ltr'><strong><em>οὗτος</em></strong></span> <span class='ocrx_word' id='word_1_117' title='bbox 987 1776 1049 1848; x_wconf 79' lang='grc' dir='ltr'><strong><em>οὐκ</em></strong></span> <span class='ocrx_word' id='word_1_118' title='bbox 1073 1777 1127 1856; x_wconf 80' lang='grc' dir='ltr'><strong><em>ἀν,</em></strong></span> <span class='ocrx_word' id='word_1_119' title='bbox 1151 1775 1262 1866; x_wconf 80' lang='grc' dir='ltr'><strong><em>οἶμαι,</em></strong></span> <span class='ocrx_word' id='word_1_120' title='bbox 1285 1779 1419 1849; x_wconf 69' lang='lat' dir='ltr'>tovana</span> 
     </span>
     <span class='ocr_line' id='line_1_15' title="bbox 267 1883 1418 1974; baseline 0.003 -20"><span class='ocrx_word' id='word_1_121' title='bbox 267 1885 330 1974; x_wconf 79' lang='grc' dir='ltr'><strong><em>τήν</em></strong></span> <span class='ocrx_word' id='word_1_122' title='bbox 352 1893 538 1971; x_wconf 77' lang='grc' dir='ltr'><strong><em>θεραπείαν</em></strong></span> <span class='ocrx_word' id='word_1_123' title='bbox 561 1883 674 1954; x_wconf 86' lang='grc' dir='ltr'><strong><em>αιἰτιὸν</em></strong></span> <span class='ocrx_word' id='word_1_124' title='bbox 697 1885 902 1974; x_wconf 85' lang='grc' dir='ltr'><strong><em>ποιήσασθαι</em></strong></span> <span class='ocrx_word' id='word_1_125' title='bbox 927 1886 1010 1955; x_wconf 78' lang='grc' dir='ltr'><strong><em>κατὰ</em></strong></span> <span class='ocrx_word' id='word_1_126' title='bbox 1033 1887 1169 1974; x_wconf 86' lang='grc' dir='ltr'><strong><em>τρόπον.</em></strong></span> <span class='ocrx_word' id='word_1_127' title='bbox 1215 1883 1314 1964; x_wconf 84' lang='grc' dir='ltr'><strong><em>ἀλλά,</em></strong></span> <span class='ocrx_word' id='word_1_128' title='bbox 1342 1887 1418 1974; x_wconf 83' lang='grc' dir='ltr'><strong><em>ὅπερ</em></strong></span> 
     </span>
     <span class='ocr_line' id='line_1_16' title="bbox 228 1991 1420 2084; baseline 0.003 -24"><span class='ocrx_word' id='word_1_129' title='bbox 228 1991 364 2063; x_wconf 81' lang='grc' dir='ltr'><strong><em>ιιεῖπον</em></strong></span> <span class='ocrx_word' id='word_1_130' title='bbox 398 1991 461 2082; x_wconf 78' lang='grc' dir='ltr'><strong><em>ήδη</em></strong></span> <span class='ocrx_word' id='word_1_131' title='bbox 494 1995 548 2063; x_wconf 80' lang='grc' dir='ltr'><strong><em>καί</em></strong></span> <span class='ocrx_word' id='word_1_132' title='bbox 577 1994 746 2081; x_wconf 84' lang='grc' dir='ltr'><strong><em>πρόσθεν.</em></strong></span> <span class='ocrx_word' id='word_1_133' title='bbox 779 2003 812 2062; x_wconf 85' lang='grc' dir='ltr'><strong><em>εί</em></strong></span> <span class='ocrx_word' id='word_1_134' title='bbox 840 2022 889 2074; x_wconf 86' lang='grc' dir='ltr'><strong><em>τις</em></strong></span> <span class='ocrx_word' id='word_1_135' title='bbox 921 1996 1083 2084; x_wconf 78' lang='grc' dir='ltr'><strong><em>ἐξελέγχοι</em></strong></span> <span class='ocrx_word' id='word_1_136' title='bbox 1115 1994 1156 2064; x_wconf 79' lang='grc' dir='ltr'><strong><em>τὰ</em></strong></span> <span class='ocrx_word' id='word_1_137' title='bbox 1186 1997 1331 2082; x_wconf 85' lang='grc' dir='ltr'><strong><em>τίσσαρα</em></strong></span> <span class='ocrx_word' id='word_1_138' title='bbox 1361 2002 1420 2065; x_wconf 84' lang='grc' dir='ltr'><strong><em>τοῦ</em></strong></span> 
     </span>
     <span class='ocr_line' id='line_1_17' title="bbox 268 2099 1418 2194; baseline 0.002 -24"><span class='ocrx_word' id='word_1_139' title='bbox 268 2108 467 2190; x_wconf 81' lang='grc' dir='ltr'><strong><em>Χρυσίππου</em></strong></span> <span class='ocrx_word' id='word_1_140' title='bbox 485 2107 610 2189; x_wconf 77' lang='grc' dir='ltr'><strong><em>βιβλία.</em></strong></span> <span class='ocrx_word' id='word_1_141' title='bbox 629 2101 716 2170; x_wconf 86' lang='grc' dir='ltr'><strong><em>πολὺ</em></strong></span> <span class='ocrx_word' id='word_1_142' title='bbox 729 2105 883 2171; x_wconf 82' lang='grc' dir='ltr'><strong><em>πλεόνων</em></strong></span> <span class='ocrx_word' id='word_1_143' title='bbox 896 2099 987 2194; x_wconf 79' lang='grc' dir='ltr'><strong><em>αὐτῷ</em></strong></span> <span class='ocrx_word' id='word_1_144' title='bbox 1003 2103 1111 2192; x_wconf 74' lang='grc' dir='ltr'><strong><em>δεήσει</em></strong></span> <span class='ocrx_word' id='word_1_145' title='bbox 1128 2103 1418 2192; x_wconf 79' lang='grc' dir='ltr'><strong><em>συγγραμμάτων.’</em></strong></span> 
     </span>
    </p>
   </div>
   <div class='ocr_carea' id='block_1_3' title="bbox 266 2313 1422 2733">
    <p class='ocr_par' dir='ltr' id='par_1_3' title="bbox 266 2313 1422 2733">
     <span class='ocr_line' id='line_1_18' title="bbox 303 2313 1422 2404; baseline 0.002 -32"><span class='ocrx_word' id='word_1_146' title='bbox 303 2323 319 2372; x_wconf 80' lang='lat'>2</span> <span class='ocrx_word' id='word_1_147' title='bbox 339 2313 495 2388; x_wconf 76' lang='grc' dir='ltr'><strong><em>τοῦλόγου</em></strong></span> <span class='ocrx_word' id='word_1_148' title='bbox 515 2321 547 2374; x_wconf 73' lang='lat' dir='ltr'><strong><em>L,</em></strong></span> <span class='ocrx_word' id='word_1_149' title='bbox 567 2351 599 2362; x_wconf 94' lang='lat'>-</span> <span class='ocrx_word' id='word_1_150' title='bbox 621 2325 637 2374; x_wconf 86' lang='grc'>3</span> <span class='ocrx_word' id='word_1_151' title='bbox 659 2313 675 2404; x_wconf 61' lang='lat' dir='ltr'><strong><em>ip*</em></strong></span> <span class='ocrx_word' id='word_1_152' title='bbox 695 2314 859 2389; x_wconf 74' lang='grc' dir='ltr'><strong><em>ἀντιλογίαν</em></strong></span> <span class='ocrx_word' id='word_1_153' title='bbox 878 2337 929 2388; x_wconf 87' lang='lat' dir='ltr'><strong><em>pro</em></strong></span> <span class='ocrx_word' id='word_1_154' title='bbox 949 2313 1086 2373; x_wconf 85' lang='grc' dir='ltr'><strong><em>ε’ναι·τιολ.</em></strong></span> <span class='ocrx_word' id='word_1_155' title='bbox 1103 2317 1132 2372; x_wconf 86' lang='lat' dir='ltr'><strong><em>L.</em></strong></span> <span class='ocrx_word' id='word_1_156' title='bbox 1154 2348 1184 2358; x_wconf 88' lang='lat'><strong><em>·-</em></strong></span> <span class='ocrx_word' id='word_1_157' title='bbox 1206 2326 1223 2374; x_wconf 74' lang='grc'>4</span> <span class='ocrx_word' id='word_1_158' title='bbox 1242 2315 1422 2388; x_wconf 75' lang='grc' dir='ltr'><strong><em>ἀποχωρήσας</em></strong></span> 
     </span>
     <span class='ocr_line' id='line_1_19' title="bbox 266 2385 1422 2464; baseline 0.001 -21"><span class='ocrx_word' id='word_1_159' title='bbox 266 2387 414 2444; x_wconf 75' lang='lat' dir='ltr'>MABGh.</span> <span class='ocrx_word' id='word_1_160' title='bbox 431 2423 462 2433; x_wconf 87' lang='lat'><strong><em>-·</em></strong></span> <span class='ocrx_word' id='word_1_161' title='bbox 486 2399 502 2446; x_wconf 88' lang='lat' dir='ltr'>o</span> <span class='ocrx_word' id='word_1_162' title='bbox 522 2387 641 2461; x_wconf 83' lang='grc' dir='ltr'><strong><em>ὁμολογί</em></strong></span> <span class='ocrx_word' id='word_1_163' title='bbox 657 2389 710 2446; x_wconf 80' lang='lat' dir='ltr'>nori</span> <span class='ocrx_word' id='word_1_164' title='bbox 732 2411 759 2446; x_wconf 89' lang='grc' dir='ltr'><strong><em>τε</em></strong></span> <span class='ocrx_word' id='word_1_165' title='bbox 776 2391 797 2444; x_wconf 87' lang='lat' dir='ltr'>L</span> <span class='ocrx_word' id='word_1_166' title='bbox 818 2387 971 2460; x_wconf 79' lang='grc' dir='ltr'><strong><em>ὁμολογίαν</em></strong></span> <span class='ocrx_word' id='word_1_167' title='bbox 990 2387 1054 2444; x_wconf 76' lang='lat' dir='ltr'>nire</span> <span class='ocrx_word' id='word_1_168' title='bbox 1071 2389 1099 2443; x_wconf 79' lang='lat' dir='ltr'><strong><em>bi</em></strong></span> <span class='ocrx_word' id='word_1_169' title='bbox 1118 2385 1255 2464; x_wconf 77' lang='grc' dir='ltr'><strong><em>ὁμολογίᾳ</em></strong></span> <span class='ocrx_word' id='word_1_170' title='bbox 1275 2389 1307 2446; x_wconf 79' lang='lat' dir='ltr'><strong><em>ui</em></strong></span> <span class='ocrx_word' id='word_1_171' title='bbox 1326 2412 1353 2446; x_wconf 81' lang='grc' dir='ltr'><strong><em>τε</em></strong></span> <span class='ocrx_word' id='word_1_172' title='bbox 1373 2393 1422 2446; x_wconf 79' lang='grc' dir='ltr'><strong><em>ΑΒ</em></strong></span> 
     </span>
     <span class='ocr_line' id='line_1_20' title="bbox 268 2455 1421 2536; baseline 0 -20"><span class='ocrx_word' id='word_1_173' title='bbox 268 2455 463 2536; x_wconf 79' lang='grc' dir='ltr'><strong><em>ίναντιολογίᾳ</em></strong></span> <span class='ocrx_word' id='word_1_174' title='bbox 486 2459 521 2516; x_wconf 89' lang='grc' dir='ltr'><strong><em>τά</em></strong></span> <span class='ocrx_word' id='word_1_175' title='bbox 545 2483 574 2518; x_wconf 85' lang='grc' dir='ltr'><strong><em>τε</em></strong></span> <span class='ocrx_word' id='word_1_176' title='bbox 595 2463 676 2519; x_wconf 86' lang='lat' dir='ltr'>Corn.</span> <span class='ocrx_word' id='word_1_177' title='bbox 697 2463 768 2518; x_wconf 80' lang='lat' dir='ltr'><strong><em>ChK</em></strong></span> <span class='ocrx_word' id='word_1_178' title='bbox 793 2464 922 2532; x_wconf 73' lang='lat' dir='ltr'>(tortasse</span> <span class='ocrx_word' id='word_1_179' title='bbox 947 2458 999 2530; x_wconf 74' lang='lat' dir='ltr'>oriz</span> <span class='ocrx_word' id='word_1_180' title='bbox 1024 2457 1157 2532; x_wconf 80' lang='grc' dir='ltr'><strong><em>ὁμολογία</em></strong></span> <span class='ocrx_word' id='word_1_181' title='bbox 1187 2463 1232 2518; x_wconf 87' lang='lat' dir='ltr'>rel</span> <span class='ocrx_word' id='word_1_182' title='bbox 1255 2459 1421 2534; x_wconf 77' lang='grc' dir='ltr'><strong><em>ἀνομολογίᾳ</em></strong></span> 
     </span>
     <span class='ocr_line' id='line_1_21' title="bbox 267 2519 1422 2605; baseline 0.001 -18"><span class='ocrx_word' id='word_1_183' title='bbox 267 2553 291 2588; x_wconf 64' lang='grc' dir='ltr'><strong><em>ε.</em></strong></span> <span class='ocrx_word' id='word_1_184' title='bbox 310 2537 345 2603; x_wconf 71' lang='grc' dir='ltr'><strong><em>ι.)</em></strong></span> <span class='ocrx_word' id='word_1_185' title='bbox 365 2565 396 2574; x_wconf 91' lang='grc'>-</span> <span class='ocrx_word' id='word_1_186' title='bbox 423 2539 438 2588; x_wconf 85' lang='grc' dir='ltr'><strong><em>τ</em></strong></span> <span class='ocrx_word' id='word_1_187' title='bbox 462 2533 538 2604; x_wconf 66' lang='lat' dir='ltr'><strong><em>up.</em></strong></span> <span class='ocrx_word' id='word_1_188' title='bbox 559 2535 730 2590; x_wconf 75' lang='lat' dir='ltr'>narsum.</span> <span class='ocrx_word' id='word_1_189' title='bbox 755 2567 786 2576; x_wconf 84' lang='lat'>-</span> <span class='ocrx_word' id='word_1_190' title='bbox 813 2537 896 2590; x_wconf 58' lang='lat' dir='ltr'><strong><em>oen</em></strong></span> <span class='ocrx_word' id='word_1_191' title='bbox 917 2552 970 2589; x_wconf 76' lang='lat' dir='ltr'><strong><em>om.</em></strong></span> <span class='ocrx_word' id='word_1_192' title='bbox 997 2519 1171 2589; x_wconf 76' lang='lat' dir='ltr'>irascit.</span> <span class='ocrx_word' id='word_1_193' title='bbox 1199 2565 1229 2574; x_wconf 85' lang='lat'><em>-</em></span> <span class='ocrx_word' id='word_1_194' title='bbox 1260 2543 1293 2591; x_wconf 88' lang='lat'><strong><em>10</em></strong></span> <span class='ocrx_word' id='word_1_195' title='bbox 1315 2531 1349 2588; x_wconf 71' lang='grc' dir='ltr'><strong><em>ιι</em></strong></span> <span class='ocrx_word' id='word_1_196' title='bbox 1372 2533 1422 2605; x_wconf 64' lang='grc' dir='ltr'><strong><em>,ει</em></strong></span> 
     </span>
     <span class='ocr_line' id='line_1_22' title="bbox 267 2599 1421 2677; baseline 0.003 -19"><span class='ocrx_word' id='word_1_197' title='bbox 267 2603 305 2658; x_wconf 81' lang='lat' dir='ltr'><strong><em>n.</em></strong></span> <span class='ocrx_word' id='word_1_198' title='bbox 329 2635 362 2646; x_wconf 91' lang='grc'>-</span> <span class='ocrx_word' id='word_1_199' title='bbox 394 2613 426 2660; x_wconf 83' lang='grc'><strong><em>13</em></strong></span> <span class='ocrx_word' id='word_1_200' title='bbox 450 2599 534 2670; x_wconf 81' lang='grc' dir='ltr'><strong><em>οὗτος</em></strong></span> <span class='ocrx_word' id='word_1_201' title='bbox 560 2625 614 2664; x_wconf 91' lang='grc' dir='ltr'><strong><em>οιυ.</em></strong></span> <span class='ocrx_word' id='word_1_202' title='bbox 639 2607 670 2662; x_wconf 63' lang='lat' dir='ltr'><strong><em>Ia.</em></strong></span> <span class='ocrx_word' id='word_1_203' title='bbox 695 2639 728 2648; x_wconf 93' lang='lat'><em>-</em></span> <span class='ocrx_word' id='word_1_204' title='bbox 753 2605 860 2662; x_wconf 81' lang='grc' dir='ltr'><strong><em>ὃὸιατο</em></strong></span> <span class='ocrx_word' id='word_1_205' title='bbox 886 2605 923 2664; x_wconf 79' lang='lat' dir='ltr'><strong><em>M.</em></strong></span> <span class='ocrx_word' id='word_1_206' title='bbox 950 2637 984 2648; x_wconf 87' lang='lat'>-</span> <span class='ocrx_word' id='word_1_207' title='bbox 1013 2613 1044 2660; x_wconf 78' lang='lat'><strong><em>15</em></strong></span> <span class='ocrx_word' id='word_1_208' title='bbox 1068 2609 1124 2660; x_wconf 85' lang='grc' dir='ltr'><strong><em>είτε</em></strong></span> <span class='ocrx_word' id='word_1_209' title='bbox 1150 2623 1201 2677; x_wconf 86' lang='lat' dir='ltr'><strong><em>pro</em></strong></span> <span class='ocrx_word' id='word_1_210' title='bbox 1226 2609 1257 2662; x_wconf 87' lang='grc' dir='ltr'><strong><em>εί</em></strong></span> <span class='ocrx_word' id='word_1_211' title='bbox 1275 2627 1315 2670; x_wconf 89' lang='grc' dir='ltr'><strong><em>τις</em></strong></span> <span class='ocrx_word' id='word_1_212' title='bbox 1339 2607 1367 2662; x_wconf 77' lang='lat' dir='ltr'><strong><em>L.</em></strong></span> <span class='ocrx_word' id='word_1_213' title='bbox 1391 2637 1421 2647; x_wconf 95' lang='lat'>-</span> 
     </span>
     <span class='ocr_line' id='line_1_23' title="bbox 270 2672 573 2733; baseline 0 -1"><span class='ocrx_word' id='word_1_214' title='bbox 270 2683 303 2732; x_wconf 80' lang='grc'><strong><em>16</em></strong></span> <span class='ocrx_word' id='word_1_215' title='bbox 321 2672 394 2732; x_wconf 74' lang='grc' dir='ltr'><strong><em>πολὺ</em></strong></span> <span class='ocrx_word' id='word_1_216' title='bbox 413 2694 467 2732; x_wconf 86' lang='lat' dir='ltr'><strong><em>om.</em></strong></span> <span class='ocrx_word' id='word_1_217' title='bbox 488 2678 518 2733; x_wconf 88' lang='lat' dir='ltr'><strong><em>L.</em></strong></span> <span class='ocrx_word' id='word_1_218' title='bbox 539 2711 573 2722; x_wconf 96' lang='lat'>—</span> 
     </span>
    </p>
   </div>
   <div class='ocr_carea' id='block_1_4' title="bbox 194 2860 1430 4455">
    <p class='ocr_par' dir='ltr' id='par_1_4' title="bbox 194 2860 1430 4455">
     <span class='ocr_line' id='line_1_24' title="bbox 268 2860 1419 2948; baseline 0 -23"><span class='ocrx_word' id='word_1_219' title='bbox 268 2860 432 2946; x_wconf 84' lang='lat' dir='ltr'>quadam</span> <span class='ocrx_word' id='word_1_220' title='bbox 460 2862 497 2927; x_wconf 93' lang='lat' dir='ltr'><strong><em>in</em></strong></span> <span class='ocrx_word' id='word_1_221' title='bbox 526 2863 679 2927; x_wconf 86' lang='lat' dir='ltr'>ratione.</span> <span class='ocrx_word' id='word_1_222' title='bbox 712 2861 878 2928; x_wconf 88' lang='lat' dir='ltr'>labitur’</span> <span class='ocrx_word' id='word_1_223' title='bbox 907 2865 941 2926; x_wconf 90' lang='lat' dir='ltr'>et</span> <span class='ocrx_word' id='word_1_224' title='bbox 967 2883 1050 2946; x_wconf 87' lang='lat' dir='ltr'>quae</span> <span class='ocrx_word' id='word_1_225' title='bbox 1079 2867 1273 2948; x_wconf 82' lang='lat' dir='ltr'>sequuntur,</span> <span class='ocrx_word' id='word_1_226' title='bbox 1299 2869 1419 2948; x_wconf 84' lang='lat' dir='ltr'>pertur-</span> 
     </span>
     <span class='ocr_line' id='line_1_25' title="bbox 268 2967 1418 3056; baseline 0.001 -24"><span class='ocrx_word' id='word_1_227' title='bbox 268 2967 436 3034; x_wconf 90' lang='lat' dir='ltr'>bationem</span> <span class='ocrx_word' id='word_1_228' title='bbox 475 2968 667 3052; x_wconf 80' lang='lat' dir='ltr'><strong>consistere,</strong></span> <span class='ocrx_word' id='word_1_229' title='bbox 710 2969 779 3052; x_wconf 73' lang='lat' dir='ltr'>sed,</span> <span class='ocrx_word' id='word_1_230' title='bbox 821 2968 848 3032; x_wconf 89' lang='lat' dir='ltr'><strong><em>si</em></strong></span> <span class='ocrx_word' id='word_1_231' title='bbox 886 2990 952 3034; x_wconf 89' lang='lat' dir='ltr'><strong><em>non</em></strong></span> <span class='ocrx_word' id='word_1_232' title='bbox 989 2968 1101 3034; x_wconf 87' lang='lat' dir='ltr'>obedit</span> <span class='ocrx_word' id='word_1_233' title='bbox 1138 2969 1258 3036; x_wconf 90' lang='lat' dir='ltr'>rationi</span> <span class='ocrx_word' id='word_1_234' title='bbox 1300 2969 1418 3056; x_wconf 88' lang='lat' dir='ltr'>appeti·</span> 
     </span>
     <span class='ocr_line' id='line_1_26' title="bbox 194 3075 1419 3162; baseline 0.001 -23"><span class='ocrx_word' id='word_1_235' title='bbox 194 3133 198 3139; x_wconf 89' lang='lat'>.</span> <span class='ocrx_word' id='word_1_236' title='bbox 269 3077 330 3160; x_wconf 88' lang='lat' dir='ltr'>tio,</span> <span class='ocrx_word' id='word_1_237' title='bbox 359 3077 439 3142; x_wconf 86' lang='lat' dir='ltr'>adeo</span> <span class='ocrx_word' id='word_1_238' title='bbox 465 3081 501 3142; x_wconf 84' lang='lat' dir='ltr'>ut</span> <span class='ocrx_word' id='word_1_239' title='bbox 528 3075 582 3142; x_wconf 89' lang='lat' dir='ltr'><strong><em>hio</em></strong></span> <span class='ocrx_word' id='word_1_240' title='bbox 612 3099 740 3162; x_wconf 84' lang='lat' dir='ltr'>qnoque</span> <span class='ocrx_word' id='word_1_241' title='bbox 765 3075 969 3162; x_wconf 72' lang='lat' dir='ltr'>Chrysippus</span> <span class='ocrx_word' id='word_1_242' title='bbox 998 3077 1062 3142; x_wconf 87' lang='lat' dir='ltr'>sibi</span> <span class='ocrx_word' id='word_1_243' title='bbox 1091 3077 1162 3161; x_wconf 88' lang='lat' dir='ltr'>ipse</span> <span class='ocrx_word' id='word_1_244' title='bbox 1186 3077 1349 3143; x_wconf 82' lang='lat' dir='ltr'>adversari</span> <span class='ocrx_word' id='word_1_245' title='bbox 1371 3077 1419 3141; x_wconf 84' lang='lat' dir='ltr'><strong><em>de-</em></strong></span> 
     </span>
     <span class='ocr_line' id='line_1_27' title="bbox 269 3183 1419 3270; baseline -0.002 -22"><span class='ocrx_word' id='word_1_246' title='bbox 269 3183 502 3268; x_wconf 82' lang='lat' dir='ltr'><strong>prehendatur,</strong></span> <span class='ocrx_word' id='word_1_247' title='bbox 530 3185 559 3248; x_wconf 86' lang='lat' dir='ltr'><strong><em>si</em></strong></span> <span class='ocrx_word' id='word_1_248' title='bbox 588 3185 731 3270; x_wconf 83' lang='lat' dir='ltr'>quidem,</span> <span class='ocrx_word' id='word_1_249' title='bbox 761 3205 834 3250; x_wconf 84' lang='lat' dir='ltr'><strong><em>eum</em></strong></span> <span class='ocrx_word' id='word_1_250' title='bbox 863 3184 1142 3267; x_wconf 76' lang='lat' dir='ltr'>perturbationem</span> <span class='ocrx_word' id='word_1_251' title='bbox 1172 3185 1214 3249; x_wconf 86' lang='lat' dir='ltr'><strong><em>ab</em></strong></span> <span class='ocrx_word' id='word_1_252' title='bbox 1242 3183 1419 3250; x_wconf 86' lang='lat' dir='ltr'>errantibus</span> 
     </span>
     <span class='ocr_line' id='line_1_28' title="bbox 270 3289 1420 3378; baseline -0.001 -23"><span class='ocrx_word' id='word_1_253' title='bbox 270 3289 398 3357; x_wconf 84' lang='lat' dir='ltr'>iudiciis</span> <span class='ocrx_word' id='word_1_254' title='bbox 418 3295 628 3378; x_wconf 80' lang='lat' dir='ltr'>separaverit,</span> <span class='ocrx_word' id='word_1_255' title='bbox 653 3292 867 3359; x_wconf 89' lang='lat' dir='ltr'>nihilominus</span> <span class='ocrx_word' id='word_1_256' title='bbox 892 3290 924 3355; x_wconf 89' lang='lat' dir='ltr'><strong><em>in</em></strong></span> <span class='ocrx_word' id='word_1_257' title='bbox 944 3291 1137 3358; x_wconf 83' lang='lat' dir='ltr'>iudiciorum</span> <span class='ocrx_word' id='word_1_258' title='bbox 1157 3291 1244 3358; x_wconf 90' lang='lat' dir='ltr'>inter</span> <span class='ocrx_word' id='word_1_259' title='bbox 1264 3315 1298 3357; x_wconf 85' lang='lat' dir='ltr'><strong><em>se</em></strong></span> <span class='ocrx_word' id='word_1_260' title='bbox 1317 3313 1420 3378; x_wconf 81' lang='lat' dir='ltr'>pugna</span> 
     </span>
     <span class='ocr_line' id='line_1_29' title="bbox 269 3397 1421 3484; baseline 0 -21"><span class='ocrx_word' id='word_1_261' title='bbox 269 3399 402 3464; x_wconf 86' lang='lat' dir='ltr'><strong>morbos</strong></span> <span class='ocrx_word' id='word_1_262' title='bbox 426 3399 527 3465; x_wconf 89' lang='lat' dir='ltr'>animi</span> <span class='ocrx_word' id='word_1_263' title='bbox 553 3403 586 3464; x_wconf 89' lang='lat' dir='ltr'>et</span> <span class='ocrx_word' id='word_1_264' title='bbox 615 3399 880 3484; x_wconf 73' lang='lat' dir='ltr'><strong><em>perturbationes</em></strong></span> <span class='ocrx_word' id='word_1_265' title='bbox 910 3401 1088 3464; x_wconf 83' lang='lat' dir='ltr'>consistere</span> <span class='ocrx_word' id='word_1_266' title='bbox 1117 3399 1204 3465; x_wconf 84' lang='lat' dir='ltr'>dioit.</span> <span class='ocrx_word' id='word_1_267' title='bbox 1251 3398 1342 3464; x_wconf 77' lang='lat' dir='ltr'>Nihil</span> <span class='ocrx_word' id='word_1_268' title='bbox 1365 3397 1421 3484; x_wconf 78' lang='lat' dir='ltr'><strong><em>igi·</em></strong></span> 
     </span>
     <span class='ocr_line' id='line_1_30' title="bbox 269 3507 1420 3590; baseline -0.002 -18"><span class='ocrx_word' id='word_1_269' title='bbox 269 3511 323 3572; x_wconf 84' lang='lat' dir='ltr'><strong><em>tur</em></strong></span> <span class='ocrx_word' id='word_1_270' title='bbox 347 3507 466 3572; x_wconf 89' lang='lat' dir='ltr'>mirum</span> <span class='ocrx_word' id='word_1_271' title='bbox 490 3530 561 3573; x_wconf 89' lang='lat' dir='ltr'>esse</span> <span class='ocrx_word' id='word_1_272' title='bbox 585 3507 694 3590; x_wconf 85' lang='lat' dir='ltr'>debet,</span> <span class='ocrx_word' id='word_1_273' title='bbox 719 3509 746 3572; x_wconf 84' lang='lat' dir='ltr'><strong><em>si</em></strong></span> <span class='ocrx_word' id='word_1_274' title='bbox 772 3513 858 3572; x_wconf 84' lang='lat' dir='ltr'>reote</span> <span class='ocrx_word' id='word_1_275' title='bbox 883 3531 902 3572; x_wconf 84' lang='lat' dir='ltr'>a</span> <span class='ocrx_word' id='word_1_276' title='bbox 925 3507 1062 3572; x_wconf 91' lang='lat' dir='ltr'>Platone</span> <span class='ocrx_word' id='word_1_277' title='bbox 1091 3508 1264 3572; x_wconf 84' lang='lat' dir='ltr'>att&#39;eetuurn</span> <span class='ocrx_word' id='word_1_278' title='bbox 1289 3507 1420 3573; x_wconf 85' lang='lat' dir='ltr'>curatio·</span> 
     </span>
     <span class='ocr_line' id='line_1_31' title="bbox 270 3611 1420 3702; baseline -0.001 -23"><span class='ocrx_word' id='word_1_279' title='bbox 270 3637 327 3680; x_wconf 89' lang='lat' dir='ltr'><strong><em>nes</em></strong></span> <span class='ocrx_word' id='word_1_280' title='bbox 356 3615 497 3680; x_wconf 82' lang='lat' dir='ltr'>traditae</span> <span class='ocrx_word' id='word_1_281' title='bbox 526 3619 615 3700; x_wconf 80' lang='lat' dir='ltr'>sunt,</span> <span class='ocrx_word' id='word_1_282' title='bbox 649 3621 685 3680; x_wconf 89' lang='lat' dir='ltr'>ut</span> <span class='ocrx_word' id='word_1_283' title='bbox 713 3614 908 3681; x_wconf 83' lang='lat' dir='ltr'><strong><em>Posidonius</em></strong></span> <span class='ocrx_word' id='word_1_284' title='bbox 936 3637 1064 3702; x_wconf 86' lang='lat' dir='ltr'>quoque</span> <span class='ocrx_word' id='word_1_285' title='bbox 1093 3619 1248 3698; x_wconf 85' lang='lat' dir='ltr'>testatur,</span> <span class='ocrx_word' id='word_1_286' title='bbox 1277 3637 1295 3679; x_wconf 82' lang='lat' dir='ltr'>a</span> <span class='ocrx_word' id='word_1_287' title='bbox 1322 3611 1420 3696; x_wconf 66' lang='lat' dir='ltr'>Chry·</span> 
     </span>
     <span class='ocr_line' id='line_1_32' title="bbox 270 3720 1421 3808; baseline -0.004 -20"><span class='ocrx_word' id='word_1_288' title='bbox 270 3723 365 3808; x_wconf 87' lang='lat' dir='ltr'>sippo</span> <span class='ocrx_word' id='word_1_289' title='bbox 390 3728 506 3788; x_wconf 84' lang='lat' dir='ltr'>contra</span> <span class='ocrx_word' id='word_1_290' title='bbox 529 3745 710 3808; x_wconf 88' lang='lat' dir='ltr'>perperam.</span> <span class='ocrx_word' id='word_1_291' title='bbox 748 3722 809 3799; x_wconf 86' lang='lat' dir='ltr'><strong><em>Qui</em></strong></span> <span class='ocrx_word' id='word_1_292' title='bbox 834 3723 919 3788; x_wconf 89' lang='lat' dir='ltr'>enim</span> <span class='ocrx_word' id='word_1_293' title='bbox 944 3745 1047 3808; x_wconf 87' lang='lat' dir='ltr'>neque</span> <span class='ocrx_word' id='word_1_294' title='bbox 1072 3745 1185 3788; x_wconf 86' lang='lat' dir='ltr'>omues</span> <span class='ocrx_word' id='word_1_295' title='bbox 1209 3720 1421 3808; x_wconf 73' lang='lat' dir='ltr'>perturbatio</span> 
     </span>
     <span class='ocr_line' id='line_1_33' title="bbox 269 3829 1422 3916; baseline -0.005 -20"><span class='ocrx_word' id='word_1_296' title='bbox 269 3853 347 3896; x_wconf 89' lang='lat' dir='ltr'><strong><em>uum</em></strong></span> <span class='ocrx_word' id='word_1_297' title='bbox 373 3853 489 3896; x_wconf 82' lang='lat' dir='ltr'>causas</span> <span class='ocrx_word' id='word_1_298' title='bbox 510 3853 607 3895; x_wconf 84' lang='lat' dir='ltr'>ausus</span> <span class='ocrx_word' id='word_1_299' title='bbox 632 3832 676 3896; x_wconf 86' lang='lat' dir='ltr'>sit</span> <span class='ocrx_word' id='word_1_300' title='bbox 696 3831 869 3916; x_wconf 80' lang='lat' dir='ltr'>explicare,</span> <span class='ocrx_word' id='word_1_301' title='bbox 893 3833 947 3896; x_wconf 82' lang='lat' dir='ltr'><strong><em>sed</em></strong></span> <span class='ocrx_word' id='word_1_302' title='bbox 968 3832 1002 3895; x_wconf 88' lang='lat' dir='ltr'><strong><em>in</em></strong></span> <span class='ocrx_word' id='word_1_303' title='bbox 1026 3830 1211 3915; x_wconf 83' lang='lat' dir='ltr'>praecipuis</span> <span class='ocrx_word' id='word_1_304' title='bbox 1236 3853 1271 3895; x_wconf 87' lang='lat' dir='ltr'><strong><em>se</em></strong></span> <span class='ocrx_word' id='word_1_305' title='bbox 1294 3829 1422 3894; x_wconf 80' lang='lat' dir='ltr'>haerere</span> 
     </span>
     <span class='ocr_line' id='line_1_34' title="bbox 270 3935 1423 4024; baseline -0.002 -22"><span class='ocrx_word' id='word_1_306' title='bbox 270 3939 429 4022; x_wconf 76' lang='lat' dir='ltr'>fateatur,</span> <span class='ocrx_word' id='word_1_307' title='bbox 457 3944 493 4004; x_wconf 93' lang='lat' dir='ltr'>ut</span> <span class='ocrx_word' id='word_1_308' title='bbox 521 3939 556 4004; x_wconf 90' lang='lat' dir='ltr'><strong><em>in</em></strong></span> <span class='ocrx_word' id='word_1_309' title='bbox 585 3939 752 4024; x_wconf 83' lang='lat' dir='ltr'>superiore</span> <span class='ocrx_word' id='word_1_310' title='bbox 776 3940 861 4005; x_wconf 89' lang='lat' dir='ltr'>libro</span> <span class='ocrx_word' id='word_1_311' title='bbox 890 3939 1149 4004; x_wconf 81' lang='lat' dir='ltr'>demonstratum</span> <span class='ocrx_word' id='word_1_312' title='bbox 1173 3943 1238 4006; x_wconf 86' lang='lat' dir='ltr'>est.</span> <span class='ocrx_word' id='word_1_313' title='bbox 1264 3959 1364 4024; x_wconf 87' lang='lat' dir='ltr'>neque</span> <span class='ocrx_word' id='word_1_314' title='bbox 1392 3935 1423 4000; x_wconf 87' lang='lat' dir='ltr'><strong><em>iu</em></strong></span> 
     </span>
     <span class='ocr_line' id='line_1_35' title="bbox 270 4045 1426 4132; baseline -0.002 -22"><span class='ocrx_word' id='word_1_315' title='bbox 270 4047 357 4132; x_wconf 86' lang='lat' dir='ltr'>istis,</span> <span class='ocrx_word' id='word_1_316' title='bbox 387 4069 469 4132; x_wconf 85' lang='lat' dir='ltr'>quas</span> <span class='ocrx_word' id='word_1_317' title='bbox 498 4049 606 4128; x_wconf 77' lang='lat' dir='ltr'>nitent,</span> <span class='ocrx_word' id='word_1_318' title='bbox 635 4051 721 4111; x_wconf 83' lang='lat' dir='ltr'>reete</span> <span class='ocrx_word' id='word_1_319' title='bbox 749 4047 925 4132; x_wconf 79' lang='lat' dir='ltr'>quidquam</span> <span class='ocrx_word' id='word_1_320' title='bbox 955 4045 1087 4126; x_wconf 74' lang='lat' dir='ltr'>dixerit,</span> <span class='ocrx_word' id='word_1_321' title='bbox 1120 4045 1189 4110; x_wconf 84' lang='lat' dir='ltr'>fieri</span> <span class='ocrx_word' id='word_1_322' title='bbox 1218 4068 1283 4112; x_wconf 92' lang='lat' dir='ltr'><strong><em>uon</em></strong></span> <span class='ocrx_word' id='word_1_323' title='bbox 1311 4051 1426 4130; x_wconf 78' lang='lat' dir='ltr'>potest,</span> 
     </span>
     <span class='ocr_line' id='line_1_36' title="bbox 256 4151 1428 4240; baseline 0 -21"><span class='ocrx_word' id='word_1_324' title='bbox 256 4159 308 4219; x_wconf 77' lang='lat' dir='ltr'>‘ut</span> <span class='ocrx_word' id='word_1_325' title='bbox 326 4154 353 4218; x_wconf 87' lang='lat' dir='ltr'><strong><em>is</em></strong></span> <span class='ocrx_word' id='word_1_326' title='bbox 372 4154 411 4220; x_wconf 88' lang='lat' dir='ltr'><strong><em>de</em></strong></span> <span class='ocrx_word' id='word_1_327' title='bbox 431 4156 598 4220; x_wconf 84' lang='lat' dir='ltr'>curatione</span> <span class='ocrx_word' id='word_1_328' title='bbox 618 4155 901 4240; x_wconf 83' lang='lat' dir='ltr'>perturbationum</span> <span class='ocrx_word' id='word_1_329' title='bbox 921 4153 1152 4220; x_wconf 74' lang='lat' dir='ltr'>convenienter</span> <span class='ocrx_word' id='word_1_330' title='bbox 1169 4153 1324 4238; x_wconf 79' lang='lat' dir='ltr'>disputet.</span> <span class='ocrx_word' id='word_1_331' title='bbox 1355 4151 1428 4219; x_wconf 69' lang='lat' dir='ltr'><strong><em>Sal.</em></strong></span> 
     </span>
     <span class='ocr_line' id='line_1_37' title="bbox 271 4259 1428 4348; baseline -0.004 -22"><span class='ocrx_word' id='word_1_332' title='bbox 271 4261 356 4348; x_wconf 83' lang='lat' dir='ltr'>quod</span> <span class='ocrx_word' id='word_1_333' title='bbox 381 4261 447 4326; x_wconf 88' lang='lat' dir='ltr'>iarn</span> <span class='ocrx_word' id='word_1_334' title='bbox 471 4267 568 4328; x_wconf 85' lang='lat' dir='ltr'>autea</span> <span class='ocrx_word' id='word_1_335' title='bbox 587 4263 665 4343; x_wconf 82' lang='lat' dir='ltr'>diri,</span> <span class='ocrx_word' id='word_1_336' title='bbox 689 4263 717 4328; x_wconf 88' lang='lat' dir='ltr'><strong><em>si</em></strong></span> <span class='ocrx_word' id='word_1_337' title='bbox 741 4265 814 4348; x_wconf 85' lang='lat' dir='ltr'>quis</span> <span class='ocrx_word' id='word_1_338' title='bbox 839 4269 979 4348; x_wconf 74' lang='lat' dir='ltr'>quatuor</span> <span class='ocrx_word' id='word_1_339' title='bbox 998 4259 1176 4346; x_wconf 73' lang='lat' dir='ltr'>Chrysippi</span> <span class='ocrx_word' id='word_1_340' title='bbox 1196 4260 1299 4327; x_wconf 86' lang='lat' dir='ltr'>libros</span> <span class='ocrx_word' id='word_1_341' title='bbox 1317 4281 1428 4328; x_wconf 77' lang='lat' dir='ltr'>omues</span> 
     </span>
     <span class='ocr_line' id='line_1_38' title="bbox 272 4367 1430 4455; baseline -0.005 -21"><span class='ocrx_word' id='word_1_342' title='bbox 272 4371 416 4434; x_wconf 81' lang='lat' dir='ltr'>refutare</span> <span class='ocrx_word' id='word_1_343' title='bbox 440 4371 533 4452; x_wconf 81' lang='lat' dir='ltr'>uelit,</span> <span class='ocrx_word' id='word_1_344' title='bbox 562 4371 667 4436; x_wconf 89' lang='lat' dir='ltr'>multo</span> <span class='ocrx_word' id='word_1_345' title='bbox 692 4371 785 4455; x_wconf 88' lang='lat' dir='ltr'>plura</span> <span class='ocrx_word' id='word_1_346' title='bbox 811 4371 839 4434; x_wconf 86' lang='lat' dir='ltr'><strong><em>ei</em></strong></span> <span class='ocrx_word' id='word_1_347' title='bbox 873 4369 1104 4436; x_wconf 73' lang='lat' dir='ltr'>conscribendo</span> <span class='ocrx_word' id='word_1_348' title='bbox 1130 4372 1225 4432; x_wconf 87' lang='lat' dir='ltr'>erunt</span> <span class='ocrx_word' id='word_1_349' title='bbox 1255 4367 1430 4436; x_wconf 78' lang='lat' dir='ltr'>volumina.</span> 
     </span>
    </p>
   </div>
   <div class='ocr_carea' id='block_1_5' title="bbox 0 0 1523 5022">
    <p class='ocr_par' dir='ltr' id='par_1_5' title="bbox 0 0 1523 5022">
     <span class='ocr_line' id='line_1_39' title="bbox 0 0 1523 5022; baseline 0 0"><span class='ocrx_word' id='word_1_350' title='bbox 0 0 1523 5022; x_wconf 95' lang='lat' dir='ltr'><strong><em> </em></strong></span> 
     </span>
    </p>
   </div>
  </div>
 </body>
</html>
