2976 5028
591 267 916 334 ·-284-

208 427 292 500 ὅσον
325 425 471 518 ἀμέτρου
503 427 666 515 κινήσεως
698 423 849 514 ἀφῖκται,
887 425 927 494 τὰ
960 426 1034 514 περὶ
1072 425 1135 494 τὸν
1167 430 1283 512 ἔρωτα
1318 427 1381 494 τοῦ

206 535 368 624 Ἰάσονος,
393 533 451 626 ὑφ’
474 527 516 606 οὗ
541 545 717 624 νικηθεῖσα
736 533 935 620 προῦδωκεν
951 531 1020 622 ἅμα
1043 535 1098 603 καί
1123 536 1284 604 κατέλιπε
1305 533 1386 614 τοὺς
1484 559 1485 584 ¹

209 651 365 726 οἰκείους,
390 642 642 732 ἐπηκολούθησε
667 643 704 712 δὲ
732 643 786 712 καὶ
810 643 929 724 τελέως
953 644 1145 712 ἐπίστευσεν
1169 643 1304 731 ἑαυτὴν
1327 639 1384 710 ἆυ·
1484 631 1485 662 δ

208 753 337 845 daciam
370 753 468 844 ξένῳ·
500 757 563 820 τοῦ
595 751 632 820 δὲ
665 755 815 840 θυμικοῦ
841 755 901 839 τῆς
933 751 1180 839 σφοδρότητος,
1214 745 1276 819 οἶα
1306 751 1384 838 περὶ

174 884 188 924 ⁵
208 860 288 941 τοὺς
310 864 433 941 παῖδας
456 859 630 948 ἐμήνισεν,
658 855 700 928 οὐ
723 855 846 948 σμικρὰ
870 865 1099 946 γνωρίσματα·
1126 861 1189 927 τοῦ
1217 857 1258 926 δέ
1291 865 1385 944 λογι-

210 973 327 1040 στικοῦ
354 973 412 1058 τῆς
436 969 617 1054 συνέσεως,
646 966 841 1036 ὑποτίθεται
869 966 934 1054 γὰρ
964 963 1029 1034 κάν
1056 965 1189 1046 τούτοις
1217 961 1338 1054 αὐτὴν
1366 963 1384 1034 ὁ

137 1097 195 1154 318
210 1073 399 1166 Εὐριπίδης
422 1073 465 1146 οὐ
487 1074 551 1165 τὴν
573 1079 753 1164 τυχοῦσαν,
778 1077 783 1164 Ι
810 1072 851 1144 οὐ
875 1073 999 1164 σμικρὰ
1021 1089 1141 1163 σημεῖα
1164 1075 1204 1142 τὰ
1228 1072 1323 1162 πρὸς
1346 1072 1384 1142 τὸ

208 1184 466 1275 τιμωρήσασθαι
490 1183 570 1265 τοὺς
598 1183 744 1272 ἐχθροὺς
770 1184 994 1272 ἐπινοηθέντα
1022 1184 1077 1251 καὶ
1102 1179 1166 1251 ὅσα
1189 1179 1280 1268 πρὸς
1305 1181 1385 1250 ἑαυ-

207 1291 271 1380 τὴν
308 1293 508 1382 διεξέρχεται
544 1295 812 1361 καταστέλλουσει
853 1291 908 1360 καὶ
950 1298 1117 1360 πείθουσα
1153 1287 1215 1358 τὸν
1257 1287 1384 1376 θυμὸν

168 1425 193 1466 ιο
208 1395 398 1488 ἀποχωρεῖν
421 1405 530 1488 ἔργων
554 1397 714 1470 ἀνοσίων.
751 1397 834 1468 ὥστε
858 1396 1005 1486 εὐλόγως
1028 1397 1080 1467 ἐπὶ
1104 1393 1208 1485 αὐτῆς
1231 1393 1250 1466 ὁ
1272 1392 1383 1483 Εὗρε·

207 1509 308 1596 πίδης
331 1504 401 1577 εἷπε

373 1617 424 1685 ετί
443 1612 518 1684 ποτ’
545 1615 719 1703 ἐργάσεται

371 1722 718 1814 “μεγαλόσπλαγχνος,
742 1721 1039 1804 δυσκατάπαυστος

371 1829 478 1921 ’ψυχὴ
504 1836 668 1920 δηχθεῖσα
692 1833 857 1910 κακοίσι;’

170 1963 194 2004 rs
209 1935 293 2025 αὕτη
317 1937 381 2026 μὲν
404 1931 469 2008 οὖν
491 1939 820 2028 μεγαλόσπλαγχνος·
849 1936 1061 2027 ἄσπλαγχνος
1084 1937 1120 2006 δὲ
1148 1938 1203 2004 καλ
1233 1935 1377 2026 σμικρό-

207 2051 412 2133 σπλαγχνος,
441 2037 467 2140 ᾧ
496 2049 609 2134 φαῦλα
637 2049 692 2115 καὶ
721 2044 843 2134 σμικρὰ
871 2047 926 2114 καὶ
954 2049 1184 2133 βραδυκίνητα
1208 2047 1264 2114 καὶ
1291 2051 1375 2114 δυσ-

206 2160 326 2242 κίνητα
349 2153 390 2223 τὰ
414 2163 490 2244 τριά
510 2159 572 2267 της
595 2160 703 2244 ψυχῆς
724 2154 837 2245 μόρια.
877 2155 1000 2242 μεταξὺ
1024 2156 1064 2222 δέ
1084 2180 1142 2244 μοι
1164 2157 1234 2224 τῶν
1258 2154 1377 2242 λόγων

209 2295 425 2306 -μ

243 2359 259 2409 2
283 2347 394 2418 ἄσωτος
412 2353 442 2409 M
466 2347 587 2418 ίασωνος
609 2355 729 2410 An-
753 2354 923 2446 λθομηκοῦ
943 2353 1037 2408 M·
1067 2347 1169 2420 οίιέπερ
1192 2348 1260 2419 τοδς
1289 2351 1374 2410 codd.

207 2425 271 2484 edd.
296 2423 343 2481 οἷα
367 2426 433 2496 περὶ
461 2421 529 2490 τούς
551 2443 668 2483 nos.-
698 2433 713 2482 9
740 2427 789 2480 καί
813 2424 948 2480 στέλουσα
972 2427 997 2480 i
1020 2425 1069 2480 καὶ
1092 2425 1244 2480 στέλλοντα
1270 2423 1375 2482 ΒΟλιΚ

207 2447 435 2555 ιιαταστέλλουτα
454 2498 497 2564 Μς
517 2498 551 2553 cf.
572 2499 657 2554 Proll.
677 2517 703 2570 p.
725 2505 821 2554 25.-
843 2507 876 2553 10
894 2497 992 2568 Eur-ip
1011 2497 1084 2554 Med.
1104 2515 1150 2551 ετ.
1171 2505 1221 2553 108
1241 2503 1271 2553 at
1290 2515 1372 2626 εἰης

208 2575 304 2624 -12
328 2571 358 2624 τί
379 2589 447 2626 ποτε
472 2539 673 2625 MABCh.-
704 2579 735 2626 15
759 2565 1003 2640 μιαρόοπλαγχνος
1030 2573 1060 2625 st
1084 2563 1170 2640 μικρά
1197 2569 1279 2626 οοδδ.
1345 2567 1372 2622 d.

207 2637 422 2714 σμιιιρδσπλγχν.
442 2646 472 2699 ei
490 2639 592 2713 σμικρὰ
612 2659 725 2698 uos,-

207 2809 497 2893 intemperantiam
524 2807 625 2873 fuerit
654 2809 769 2890 effusa,
798 2807 880 2873 satis
908 2808 1093 2893 argumenti
1122 2809 1186 2890 asi,
1213 2809 1301 2892 quod
1331 2807 1371 2874 da

207 2939 318 2982 amare
347 2917 481 2982 Jasonis
510 2917 688 2982 memoriae
716 2915 879 3001 proditur,
911 2938 975 3001 quo
1010 2915 1098 2981 victa
1131 2917 1198 2980 suis
1227 2916 1370 3000 proditis

207 3047 245 3090 ac
269 3024 407 3090 desertis
434 3025 644 3111 peregrinum
673 3024 839 3090 huminem
867 3029 980 3088 acuta
1008 3027 1058 3088 esi
1086 3027 1255 3110 totamque
1279 3049 1315 3090 se
1339 3023 1368 3090 ei

207 3131 357 3218 eredidit3
381 3133 527 3199 eiusdem
545 3132 716 3198 iracundia
734 3155 832 3218 quam
851 3133 1025 3197 vehemens
1047 3130 1158 3214 fuerit,
1181 3153 1247 3198 non
1263 3155 1370 3218 parra

208 3241 285 3304 sunt
306 3239 438 3326 indicia,
461 3239 547 3326 quod
570 3243 701 3307 tantum
724 3241 760 3306 in
782 3239 904 3308 liberos
929 3239 1039 3306 odium
1063 3239 1224 3326 profudit,
1246 3242 1368 3308 mentis

208 3349 318 3412 autem
337 3348 571 3434 prudentia-
591 3371 669 3415 nam
688 3349 722 3414 in
745 3347 807 3414 hac
827 3369 954 3434 quoquc
977 3351 1071 3434 parte
1094 3369 1162 3414 non
1180 3353 1218 3414 ut
1241 3370 1307 3414 una
1329 3349 1368 3414 dc

210 3454 325 3522 multis
350 3456 391 3521 ab
415 3455 573 3542 Euripide
597 3459 731 3543 fingitur
749 3495 793 3504 —
816 3479 855 3522 ex
878 3457 925 3522 eis
950 3457 1084 3544 agnosci
1105 3455 1229 3542 optime
1248 3461 1367 3542 potest,

206 3587 290 3651 quae
318 3563 359 3630 ad
389 3587 511 3651 poenas
541 3565 583 3630 ab
616 3565 759 3630 inimicis
786 3565 960 3632 sumendas
989 3567 1191 3652 excogitavit
1220 3586 1367 3652 quaeque

207 3695 317 3740 secum
341 3673 415 3759 ipsa
438 3673 587 3758 disputat
609 3674 790 3757 reprimens
819 3673 1022 3739 iracundiam
1047 3674 1265 3760 suadensque,
1288 3679 1325 3740 ut
1348 3695 1368 3738 a

205 3779 342 3846 nefariis
366 3780 543 3846 sceleribus
568 3781 718 3846 absistat.
760 3780 852 3848 Unde
871 3803 938 3848 uon
957 3781 1122 3848 immeriio
1146 3781 1186 3848 da
1210 3803 1247 3846 ea
1271 3781 1367 3848 Euri·

207 3887 313 3974 pides:
351 3886 452 3965 ‘Quid
467 3889 599 3954 tandem
618 3887 719 3954 faciet
739 3889 848 3955 anima
862 3891 992 3978 magnis
1012 3890 1192 3956 visceribus
1206 3889 1366 3975 praedita,

205 3994 437 4082 implacabilis,
460 3997 594 4064 stimulo
617 3995 771 4063 lacessita
795 3997 995 4064 malorum?’
1037 3997 1126 4064 Haec
1146 3997 1249 4086 igitur
1266 4020 1367 4083 μεγα-

111 4119 117 4130 ·
207 4099 452 4188 λόσπλαγχνος;
472 4106 671 4172 evisceratus
691 4113 802 4173 autem
816 4113 850 4172 et
868 4107 979 4194 parvis
994 4106 1175 4172 visceribus
1190 4143 1233 4154 -
1248 4105 1365 4175 Graeci

207 4207 519 4298 σμικρόσπλαγχνος
547 4215 716 4300 appellant
741 4215 862 4280 -ille
886 4222 945 4299 est,
969 4215 1020 4280 cui
1044 4221 1115 4280 tum
1139 4221 1365 4302 pressatum

206 4342 342 4408 parvae,
369 4323 441 4388 ium
464 4321 505 4389 ad
528 4323 708 4390 motionem
732 4323 783 4389 sel
807 4322 915 4390 lentae
940 4324 992 4391 val
1015 4323 1167 4390 difficiles
1195 4331 1273 4392 sunt
1299 4331 1365 4394 ires
