2942 5008
712 353 934 420 -12‚..

244 519 390 604 inrrunt,
416 516 473 604 qui
501 539 619 583 noram
648 513 825 582 editionem
853 517 1020 600 pararent,
1046 517 1083 578 ut
1107 511 1230 578 Theod
1254 511 1426 579 Goulsto-

243 649 320 712 nus,
347 625 491 692 medicus
520 623 751 706 Londinensis,
780 625 813 686 et
841 619 938 706 Cusp.
967 621 1197 704 Holiurunnus,
1226 621 1426 687 medicinae

245 734 414 822 professor
438 732 633 816 meursius,
662 729 844 815 dequibus
875 729 947 794 ride
972 729 1122 794 Ackerm.
1150 728 1184 794 iu
1209 727 1315 794 Praei.
1348 728 1425 793 litt.

247 841 334 928 opud
359 839 484 906 liuelm.
504 837 578 904 Vol.
601 839 631 922 l,
654 839 721 904 :²60
735 861 817 923 sqq,
845 837 900 902 sed
929 835 1028 900 etium
1053 843 1130 919 post
1153 835 1423 902 Clrurteriunum

245 949 338 1034 typis
356 967 544 1034 expressum
562 967 627 1012 nou
647 946 833 1030 det'uemnt,
855 944 912 1030 qui
929 943 1103 1010 consilium
1120 953 1275 1028 cuperent
1290 943 1423 1009 tiuleui

246 1077 347 1141 opero
374 1059 433 1120 aut
459 1051 570 1120 omnia
597 1059 655 1118 aut
685 1053 815 1140 singulo
845 1052 962 1118 melius
990 1057 1024 1116 et
1051 1050 1255 1116 emendatius
1282 1050 1426 1132 edemli,

245 1161 303 1228 sed
321 1183 388 1228 nou
406 1166 671 1246 exsequerentur,
689 1169 727 1226 ut
743 1157 1096 1243 Α111111111111111111,
1114 1159 1170 1243 qui
1190 1161 1267 1244 post
1282 1158 1423 1223 editum

247 1264 500 1354 Προτρεπτικόν
522 1267 625 1354 Lugd.
649 1267 722 1332 But.
749 1269 835 1333 rste
859 1267 1061 1334 ieronimum
1086 1266 1272 1349 induxerat,
1294 1273 1335 1331 ut
1364 1265 1424 1330 ‘en

248 1376 363 1442 [taleni
388 1397 502 1460 opem,
530 1398 613 1459 qum
637 1381 669 1440 et
693 1399 713 1440 a
735 1374 943 1462 philosophis
972 1381 1005 1440 et
1029 1399 1048 1440 a
1072 1374 1206 1440 medicis
1230 1373 1422 1458 praecipue

247 1482 342 1550 lucide
365 1482 465 1568 dignu
489 1481 724 1566 censerentur',
747 1489 928 1548 recenseret
953 1482 1072 1568 (l'ruct'.
1087 1503 1118 1566 p.
1133 1479 1240 1568 xlv),
1263 1481 1311 1546 ita
1333 1490 1422 1566 post

247 1613 341 1657 curus
365 1589 507 1656 liuelmii
533 1591 742 1674 exstiterunt,
765 1591 819 1675 qui
844 1590 930 1654 idem
950 1589 1123 1655 consilium
1147 1589 1282 1672 inirent,
1306 1597 1345 1652 ut
1373 1588 1421 1652 ud

247 1697 394 1764 codicum
415 1697 510 1762 tidem
531 1719 650 1762 uorum
671 1699 785 1763 (irrleui
806 1719 940 1780 operum
962 1697 1181 1762 recensionem
1201 1695 1422 1778 uelurnurcnt,

158 1805 165 1818 “
246 1805 287 1870 ad
311 1827 409 1891 qumn
434 1827 501 1869 rem
520 1804 660 1870 liuelmii
680 1806 781 1872 editio
801 1815 869 1870 tum
889 1828 1004 1870 mumu
1023 1814 1154 1890 tumque
1173 1803 1292 1868 debilis
1312 1805 1419 1887 ‹lirrrsi

247 1913 318 1997 ipsa
352 1911 590 1978 adhortaretur.
640 1913 745 1978 Erunt
779 1917 887 1978 cirtem
921 1911 958 1995 ii,
991 1911 1045 1996 qui
1080 1933 1199 1997 magno
1232 1911 1419 1976 molientes

247 2021 384 2104 t'orpus·
396 2020 594 2086 medicorum
613 2042 804 2107 graecorum
826 2032 858 2084 et
877 2019 1069 2102 latinorum,
1092 2042 1155 2104 quo
1171 2019 1286 2084 tiuleni
1307 2043 1418 2105 opero

247 2129 504 2210 continerentur,
528 2126 622 2192 celere
646 2127 680 2194 in
704 2129 814 2194 animo
839 2129 1018 2208 lrubelmnt,
1042 2140 1076 2190 ut
1103 2125 1265 2192 l'imuius
1290 2139 1323 2190 et
1348 2127 1418 2192 Du-

247 2235 447 2320 rembergus.
493 2235 538 2300 Et
561 2235 725 2301 fickelius
748 2236 879 2321 quidem
907 2258 982 2300 eum
1010 2233 1217 2320 cognovisset
1247 2235 1417 2300 librorum

246 2363 362 2428 graece
386 2342 583 2428 scriptorum
607 2343 765 2410 editiones
791 2344 852 2409 ‘tot
876 2345 967 2409 uitiis
992 2341 1181 2426 merulisque
1205 2343 1418 2408 contumine-

247 2455 300 2516 tus
322 2450 375 2516 rel
402 2450 450 2516 ita
480 2450 598 2515 misere
624 2451 840 2534 interpolatus
869 2475 953 2534 esse,
981 2456 1018 2515 ut
1045 2472 1158 2516 eorum
1185 2449 1416 2535 intelligentia

247 2581 345 2644 saepe
369 2579 506 2644 mugnus
534 2557 670 2624 heberet
698 2560 924 2644 ditlieultutes,
950 2581 1027 2624 reru
1056 2558 1217 2622 sententio
1241 2557 1413 2624 interdum

248 2665 317 2730 crui
342 2687 407 2730 non
431 2673 558 2749 posset,
586 2666 626 2730 ud
651 2666 798 2732 codicum
824 2667 919 2732 tidem
943 2665 1094 2732 sordibus
1124 2687 1264 2752 purgare
1295 2669 1416 2733 emmiu

248 2793 361 2856 opera,
384 2794 465 2857 quoe
484 2795 599 2859 graece
620 2784 695 2840 suut
715 2774 754 2838 de
774 2773 950 2840 medicinu’
974 2797 1076 2858 euque
1095 2773 1296 2839 coniunctim
1312 2773 1415 2839 edere

248 2880 366 2966 roluit3
391 2891 424 2946 ut
449 2887 580 2966 praeter
603 2882 812 2966 prodromum
832 2880 1039 2968 quendrnuil')
1062 2880 1145 2946 nihil
1166 2897 1279 2966 postca
1303 2882 1337 2946 in
1366 2885 1416 2948 lu·

248 3009 319 3052 cem
347 2987 452 3070 misit,
479 2988 566 3074 quod
594 2989 743 3074 equidem
771 2990 882 3055 seium.
930 2989 1170 3070 Durembcrgus
1199 3002 1309 3054 mrtem
1342 3013 1414 3056 nou

146 3129 150 3136 ·
247 3095 360 3160 inanes
386 3105 421 3160 ut
446 3097 502 3160 ille
526 3119 620 3161 voces
646 3097 836 3180 fulin-sed,
859 3109 897 3162 ut
920 3107 990 3161 erut
1013 3095 1172 3180 sinmdmi
1196 3097 1413 3182 antiquorum

247 3201 434 3270 litterarum
458 3227 581 3288 umore,
606 3227 672 3268 rem
697 3205 829 3269 fortiter
852 3225 1026 3290 segressus
1051 3215 1109 3268 est.
1156 3201 1294 3269 Consilii
1319 3205 1412 3270 euim

248 3311 376 3376 ratione
398 3311 575 3397 prudenter
593 3311 746 3376 instituto
769 3322 801 3376 et
820 3309 1022 3398 discriptnil')
1047 3311 1131 3396 ipse.
1156 3319 1190 3376 ut
1208 3321 1412 3396 apparatum

248 3417 398 3484 cliricum
426 3419 610 3505 colligeret,
637 3421 741 3485 multu
769 3421 847 3486 t'eeit
875 3420 993 3484 itiuem
1021 3419 1056 3486 iu
1084 3419 1306 3502 llritumriuru,
1335 3419 1413 3486 ilel-

248 3523 351 3610 gium,
374 3524 600 3613 Hellumliam,
624 3527 847 3612 tiermunium,
870 3525 1002 3592 ltnliunr
1026 3533 1058 3592 et
1078 3527 1199 3592 multus
1221 3528 1309 3594 riros
1333 3527 1412 3596 doe-

247 3692 461 3702 ----—-.-—-..

321 3773 355 3846 ⁸⁵)
374 3775 552 3833 Bibliotheca
571 3794 673 3846 eructu
691 3777 801 3832 medica
824 3777 883 3832 sire
907 3794 991 3848 oleru
1009 3793 1082 3848 quae
1100 3789 1212 3834 exstant
1235 3777 1331 3834 omniu
1348 3797 1410 3834 me-

247 3863 374 3920 dicorum
397 3883 561 3938 gmecorum
584 3867 621 3922 ud
645 3867 727 3922 tidem
751 3867 879 3924 codicum
903 3873 932 3922 ct
954 3867 1110 3923 editionum
1134 3874 1260 3924 veterum
1284 3867 1409 3924 muxime

248 3959 373 4010 correcta
397 3957 537 4026 variisque
562 3957 728 4014 lectionibus
752 3969 843 4012 unctu.
884 3957 1007 4012 instituit
1029 3963 1116 4027 atque
1139 3955 1296 4028 composuit
1319 3959 1350 4014 C.
1375 3963 1408 4014 u.

248 4042 353 4100 i'ickcl.
373 4044 435 4100 t'ol.
455 4046 476 4101 1.
496 4047 669 4104 Zuicceriae
689 4053 716 4104 et
736 4047 847 4117 Lipsiae
866 4046 1107 4104 nncecxxxm
1127 4064 1183 4118 (pp.
1203 4051 1256 4114 61).

322 4135 356 4201 ¹²⁸)
376 4135 551 4208 Duremberg
569 4136 639 4193 Pleu
658 4137 692 4194 de
713 4138 739 4193 la
759 4138 914 4194 Collection
937 4138 986 4194 des
1004 4135 1145 4192 medecina
1163 4153 1242 4206 grecs
1265 4147 1294 4194 ct
1312 4137 1407 4196 lulius.

247 4223 467 4281 Paruum-
489 4227 603 4282 Noricos
621 4239 650 4284 ct
669 4229 784 4284 extr-sits
804 4227 852 4282 des
871 4225 1037 4282 manuscrits
1054 4227 1199 4282 miulicuux
1214 4243 1302 4298 grece,
1322 4227 1408 4286 tutius

249 4322 278 4370 et
296 4314 430 4384 fram-air,
452 4316 501 4372 des
520 4317 687 4387 prinicipules
708 4317 914 4387 molimini-ques
933 4317 1080 4388 d'lluropc.
1112 4325 1156 4372 tre
1175 4317 1278 4389 partie,
1302 4317 1407 4374 Biblio-

248 4405 352 4477 th'eque
370 4405 572 4477 d'Augleterrc.
607 4407 685 4461 Paris
706 4413 781 4462 1853.
