2976 5028
692 270 848 338 -278
895 307 939 317 -

229 427 293 518 μὲν
317 431 412 518 ῥήσις
435 427 537 517 αὕτη·
566 427 627 517 χρή
655 429 691 496 δὲ
716 425 823 516 αὐτήν
846 425 1046 514 άναγυοῐναί
1065 457 1143 498 τινα
1166 429 1220 498 καὶ
1242 429 1306 518 τρὶς
1324 426 1370 496 καλ

163 555 220 612 als
230 537 381 624 τετράκις
409 537 414 627 l
445 537 497 605 ε’πλ
530 541 633 626 σχολή
666 542 773 625 πολλή
806 533 953 624 άκριβαῐς
980 537 1189 625 προσέχοντα
1216 536 1273 606 τὸν
1300 538 1373 604 νοῦν

230 659 301 726 τοῖς
328 645 531 734 λεγομένοις.
587 644 675 713 οὕτω
708 643 773 731 γάρ
806 643 933 733 μόνως,
967 643 1077 734 οἶμαι,
1110 645 1318 733 πεισθήσεται
1341 641 1373 711 τὸ

230 751 312 822 κατὰ
330 751 394 840 τήν
411 759 596 842 παροιμίαν
615 752 800 838 λεγόμενον
818 748 982 840 ὑπάρχειν
1001 749 1098 843 αὐτή,
1119 753 1156 822 τό
1178 754 1266 840 ’λαβὲ
1284 751 1374 840 parlin

196 881 209 922 ο
233 861 288 929 καλ
312 859 424 947 κράτει
447 863 576 940 καλῶς’
623 864 727 946 ἔγωγε
752 851 816 929 οὖν
840 863 878 928 ἐν
905 867 1043 941 πολλοῖς
1065 861 1225 942 πολλάκις
1251 865 1377 947 βιβλίοις

231 965 430 1056 ἀνεγνωκὼς
462 968 587 1056 ῥήσεις,
621 969 659 1036 ἐν
690 963 743 1049 αἷς
772 965 921 1056 ὀνόματα
949 969 1003 1036 καὶ
1034 967 1166 1056 ρ’ήματα
1195 967 1376 1036 συνάπτεται

230 1080 399 1166 μήὸεμίαυ
430 1081 549 1164 ἔχοντα
585 1075 759 1162 διάνοιαν,
800 1073 971 1165 οὐδαμόθι
1011 1079 1111 1144 τοῦτο
1145 1072 1377 1163 άνριβοάμενον

232 1182 326 1254 εἶδον
350 1181 472 1270 οὕτως,
501 1181 547 1264 ὡς
569 1182 651 1252 κατά
680 1184 782 1271 τήνδε
810 1182 872 1271 τήν
897 1187 962 1252 νῦν
992 1183 1072 1274 ήμῖυ
1094 1185 1380 1272 προγεγραμμένην

231 1293 330 1373 λέξιν.
371 1299 510 1380 αἴνιγμα
533 1290 598 1380 γάρ
622 1293 714 1360 ἐστιν
737 1289 755 1359 ὁ
780 1291 880 1378 λόγος
903 1295 964 1360 τοῦ
988 1298 1192 1380 Χρυσίππου
1216 1293 1379 1379 θαυμαστή

192 1419 217 1461 10
231 1427 298 1469 ιιυι
312 1399 625 1488 καταπεπλεγμένον
639 1395 784 1488 άσαφείςι
804 1397 884 1486 μετὰ
900 1406 1082 1488 συντομίας
1096 1398 1252 1488 ἀκαίρου.
1284 1403 1379 1466 καίτοι

231 1507 349 1596 τήνγε
368 1512 555 1596 συντομίαν
574 1503 655 1574 oaldi
674 1503 753 1574 καθ’
776 1508 836 1574 ἕνα
855 1511 923 1576 των
947 1509 1069 1578 ἑαυτοῦ
1089 1507 1203 1596 λόγων
1222 1507 1378 1595 ἐζήλωκεν,

232 1613 316 1686 άλλίι
341 1613 429 1686 οὕτω
448 1613 575 1704 μακρός
593 1615 696 1700 ἐστιν,
720 1612 765 1695 ὡς
783 1614 943 1696 πολλάκις
967 1618 1004 1684 ἐν
1028 1614 1096 1708 ὅλῳ
1119 1621 1240 1708 βιβλίῳ
1263 1622 1380 1684 πολυει-

233 1726 301 1806 (laic
325 1720 407 1812 ululo
431 1727 500 1792 τῶν
522 1719 636 1792 αὐτῶν
659 1721 730 1791 άνω
753 1749 788 1791 τε
811 1723 864 1790 καὶ
890 1723 978 1792 κάτω
1002 1722 1083 1803 τοὺς
1102 1723 1226 1810 λόγους
1249 1723 1380 1792 ἑλίττειυ.

232 1830 269 1901 τὸ
298 1829 361 1920 μὲν
391 1829 433 1920 ὀὴ
463 1835 522 1920 τής
544 1827 708 1918 άσοιφείας
735 1827 824 1924 αὐτῷ
854 1829 1003 1918 σύνηθες
1031 1827 1193 1922 ἀσθενείᾳ
1217 1836 1274 1918 τῆς
1295 1831 1380 1917 ἑρμη-

194 1959 218 1998 1⁵
234 1944 386 2028 νευτικής
409 1939 585 2028 δυνάμεως
608 1937 775 2027 ἑπόμενον
797 1945 856 2008 καί
876 1967 932 2028 μοι
954 1943 1049 2008 δοκεῖ
1069 1939 1125 2007 καὶ
1149 1936 1252 2019 αὐτὸς
1273 1943 1380 2006 αι’σθο-

216 2045 377 2138 ιυόμενος
399 2045 502 2134 αὐτῆς
529 2047 601 2134 τρίς
630 2047 685 2115 καὶ
708 2045 859 2134 τετράκις
889 2044 971 2135 ὑπὲρ
1001 2051 1070 2116 τῶν
1093 2043 1208 2116 αὐτῶν
1232 2047 1283 2116 ἐπὶ
1305 2052 1382 2114 πλεί-

271 2309 283 2356 1
290 2297 349 2386 ρή
373 2300 404 2356 M
428 2319 470 2364 τις
494 2299 658 2358 addiditm.
683 2295 840 2364 recentises
863 2299 899 2354 of.
923 2299 1020 2386 Propi.
1040 2301 1065 2364 I
1086 2307 1110 2354 5.
1135 2300 1333 2370 Proll.p..'11
1352 2327 1383 2338 -

233 2365 361 2436 3ονιως
379 2393 434 2442 ήορ
448 2373 539 2428 Μ
560 2367 879 2462 πεισθήσεσθαιΜμ-
899 2365 1106 2442 cassandrea
1124 2372 1207 2428 codd.
1227 2319 1289 2428 erltl.
1307 2365 1382 2427 ola«

232 2439 306 2518 μόθι
325 2461 391 2514 οοε;
411 2443 446 2500 cf.
465 2443 551 2500 Proll
570 2462 598 2516 p.
620 2451 733 2500 107-
755 2451 787 2498 13
808 2437 1007 2500 ε’λίττεινΜΑ.
1027 2475 1060 2484 -

234 2699 460 2768 visceribus
483 2721 559 2766 non
583 2695 845 2765 dissimilem?
891 2695 1004 2765 Verba
1026 2697 1108 2765 haec
1138 2706 1230 2784 sunt,
1257 2699 1383 2786 quaate

234 2813 366 2896 oportet
394 2813 445 2874 ter
468 2811 624 2894 quaterve
648 2807 753 2872 multo
778 2829 852 2872 curn
877 2805 946 2873 otio
970 2807 1117 2873 animum
1141 2807 1316 2895 diligenter
1337 2803 1383 2872 atl-

233 2921 415 2983 rertentcm
439 2915 480 2981 nd
503 2939 555 2998 ea,
583 2937 666 3001 quae
691 2915 857 2998 dicuntur,
881 2914 1048 3001 perlegere
1072 2919 1171 3000 atque
1195 2917 1243 2981 ita
1266 2917 1384 2982 demum

235 3047 428 3112 persuasum
463 3025 524 3090 tibi
556 3023 694 3089 habebis
729 3023 786 3088 illa
820 3024 983 3108 periinere
1012 3024 1052 3090 ad
1085 3023 1133 3108 id,
1168 3024 1255 3107 quod
1283 3029 1332 3089 est
1356 3023 1385 3088 in

233 3131 424 3220 proverbio:
449 3129 549 3198 ‘nihil
573 3130 781 3216 apprehende
806 3147 837 3195 et
866 3129 998 3196 fortiter·
1026 3127 1121 3194 tene?
1167 3131 1242 3218 Ego
1266 3131 1384 3218 quidem
1466 3149 1467 3154 ¹

234 3262 309 3306 cum
333 3238 456 3304 multos
480 3261 716 3326 saepenumero
741 3239 776 3303 iu
798 3237 913 3304 nrultis
936 3237 1030 3302 libris
1054 3237 1145 3304 locos
1168 3237 1335 3325 legissem,
1355 3239 1385 3304 in

234 3349 352 3436 quibus
382 3347 516 3415 nomina
540 3351 573 3412 et
601 3347 700 3412 rerba
730 3347 799 3411 sine
827 3347 895 3412 ullo
920 3369 1017 3411 sensu
1046 3345 1134 3412 inter
1157 3369 1192 3411 se
1216 3349 1384 3428 annuntio,

234 3479 397 3544 nusquam
421 3455 454 3522 id
478 3461 548 3522 tarn
568 3455 728 3540 exquisite
752 3455 876 3520 t'actunr
895 3453 963 3520 ridi
985 3476 1084 3540 quarn
1107 3453 1171 3522 hoc
1195 3455 1276 3540 loco,
1298 3473 1383 3540 quern

234 3565 332 3634 modo
365 3563 506 3631 laudavi.
565 3563 729 3649 Aenigma
766 3563 852 3628 eninr
886 3565 936 3627 est
974 3561 1065 3628 locus
1099 3559 1279 3649 Chrysippi
1310 3559 1384 3626 mira

234 3673 376 3762 quadam
404 3671 606 3738 obscuritate
636 3693 710 3736 cum
739 3669 974 3754 intempestiva
1005 3669 1167 3735 brevitate
1196 3671 1384 3758 perplexum.

234 3781 441 3866 Quamquam
465 3779 662 3846 brevitatem
686 3779 719 3843 in
743 3777 833 3844 nullo
857 3799 916 3844 suo
941 3777 1065 3864 scripto
1089 3781 1234 3844 sectatus
1258 3781 1315 3862 est,
1335 3775 1384 3842 sed

236 3901 307 3958 tam
339 3888 456 3976 longus
487 3887 708 3972 verbosusque
742 3891 805 3970 est,
844 3889 879 3950 ut
913 3907 1012 3971 saepe
1044 3907 1103 3972 per
1134 3891 1243 3953 totum
1274 3887 1384 3953 librum

234 3997 274 4064 de
298 3995 415 4064 iisclem
441 3997 539 4064 rebus
564 3995 747 4062 orationem
773 3995 860 4059 ultro
885 3995 1031 4080 citroque
1056 3995 1210 4060 invertat.
1246 3991 1385 4062 Obscuri-

235 4111 287 4173 taa
319 4105 451 4192 quidem
486 4105 515 4170 ei
546 4103 721 4170 familiaris
750 4111 814 4184 est,
847 4125 930 4189 quae
963 4103 1160 4188 explanandi
1188 4102 1384 4170 imbecillita-

235 4219 303 4282 λεια
331 4213 493 4300 seqrutur,
521 4213 607 4302 quod
637 4211 706 4298 ipse
736 4211 836 4277 etianr
865 4233 1043 4298 agnoscere
1067 4209 1150 4278 mihi
1178 4211 1316 4296 ridetur,
1337 4206 1384 4298 qui

236 4323 286 4388 ter
322 4339 477 4408 quaterve
514 4321 553 4386 de
586 4321 701 4388 iisdem
735 4321 832 4386 rebus
866 4341 964 4406 quam
998 4319 1190 4406 longissime
1223 4319 1383 4388 extendero
