2960 5032
548 403 772 466 ...ssss-

70 561 294 651 όιαφέρειν
316 559 408 644 ridor
431 560 493 633 οὐκ
516 569 608 632 ἔστιν
632 558 652 650 ἢ
675 561 712 632 τὸ
736 565 796 650 τῆς
818 559 942 650 σαρκὸς
963 561 1080 650 μέρος,
1102 589 1164 633 nos
1187 565 1243 634 du·

71 675 154 760 plici
180 674 280 760 vitio,
303 699 369 762 quo
392 673 446 740 hio
469 675 561 741 locus
584 673 729 754 laborat,
753 697 770 737 e
794 673 856 739 fide
880 673 1046 740 rodieisL
1070 675 1242 742 emendato

71 783 274 870 scripsimus
302 779 339 848 τὸ
369 779 556 867 ὁιαφέρον
583 776 674 859 εἶδος
701 774 764 847 οὐκ
797 783 889 848 ε”στιν
917 771 1006 847 οἷον
1032 777 1070 848 τὸ
1099 807 1129 850 ιι.
1151 807 1178 850 τ.
1200 788 1243 872 λα

72 891 105 958 11
133 893 174 958 οἲ
196 913 258 976 pro
283 881 359 958 οἷον
381 889 495 975 habet,
518 889 791 977 quemadmodum
815 889 1031 975 1ι1ειιιρ.ι“ι63
1052 912 1082 977 p.
1103 891 1186 958 med.
1210 883 1246 958 οἷ

72 995 223 1082 ΐτταρξις
245 1021 305 1084 pro
329 990 406 1064 οἷον
429 992 483 1064 ὑπ.
507 1003 540 1064 et
563 1021 593 1082 p.
618 998 683 1063 nu
711 1001 791 1063 extr.
815 988 851 1062 οἷ
870 997 978 1062 τανῦν
1000 1021 1061 1082 pro
1092 989 1167 1068 οἷον
1191 1001 1243 1067 rel

73 1108 192 1193 potius
217 1097 366 1192 οἷόνπερ.
402 1105 437 1172 P.
456 1105 521 1172 618
546 1127 576 1190 p.
599 1127 641 1170 m.
666 1105 729 1170 illi:
757 1099 833 1190 άχρι
862 1101 926 1188 μὲν
949 1094 1099 1173 οὖντοῦ
1121 1105 1245 1175 πλέον

75 1212 91 1299 ι]
120 1219 301 1281 ἔλασσον
329 1211 470 1279 ἕκαστον
497 1213 566 1280 τῶν
594 1210 827 1279 συντιθέντων
850 1206 937 1298 ἡμᾶς
959 1210 1180 1300 γιγνόμενον,
1209 1215 1248 1282 us

75 1321 176 1390 τόσοι
203 1325 442 1403 καθίστανται,
464 1317 580 1398 κοινὸς
603 1314 620 1386 ὁ
645 1317 746 1406 λόγος
769 1317 860 1386 ἐστὶν
882 1343 912 1386 ιι.
929 1345 957 1387 τ.
976 1325 1021 1404 λ.,
1043 1343 1104 1390 nos
1128 1323 1176 1390 iu
1199 1325 1245 1391 lo·

74 1455 155 1498 ιιιιιι
183 1429 421 1496 restituendum
450 1429 725 1512 existimavimus,
753 1431 790 1493 ut
818 1427 1050 1497 scriberemus:
1081 1425 1158 1516 ἄχρι
1181 1429 1246 1518 μὲν

76 1529 146 1604 οὖν
169 1537 233 1604 τοῦ
257 1533 429 1614 ’πλέονος
457 1530 476 1622 ἢ
499 1533 701 1614 ἐλάσσονος
724 1533 866 1602 ἑκάστου
893 1537 962 1602 τῶν
985 1553 1014 1604 o.
1038 1532 1069 1623 ἡ.
1091 1537 1245 1625 γιγνομέ-

77 1671 155 1714 νου
178 1645 219 1711 αι’
240 1669 269 1712 ν.
291 1643 331 1712 κ.’
350 1669 380 1712 ιι.
398 1669 426 1712 τ.
443 1651 484 1730 λς
508 1667 539 1730 p.
555 1645 620 1711 666
644 1667 674 1730 p.
690 1667 731 1710 m.
751 1645 814 1710 illi:
839 1640 953 1730 έπειόὴ
977 1668 1018 1730 γε
1042 1643 1144 1712 πλέον
1169 1643 1246 1726 ἑνὸς

75 1751 164 1820 ὄντα
183 1749 357 1838 τυγχάνει,
381 1775 579 1839 quumquum
597 1753 696 1818 iidem
716 1777 747 1838 p.
763 1752 828 1818 6ῖὸ
849 1775 879 1838 p.
893 1751 966 1819 init
980 1753 1118 1820 eundem
1135 1753 1244 1822 looum

78 1863 291 1928 Platonicum
320 1861 368 1928 sir
396 1861 617 1926 reddiderrnrt:
651 1857 764 1944 έπειὸἰγ
792 1856 847 1924 καὶ
876 1857 969 1945 γένη
997 1859 1146 1929 πλέονα
1170 1859 1246 1943 ένὸρ

76 1969 163 2036 ὄντα
193 1965 364 2054 τυγχάνεις
392 1992 467 2036 nos:
494 1963 608 2054 έπειὸὴ
636 1964 717 2052 γένιγ
741 1970 880 2034 πλείονα
904 1963 928 2035 ἕ.
951 1963 980 2036 ὅ.
1007 1993 1034 2035 τ.
1062 1968 1117 2057 (es.
1146 1993 1244 2058 supra

78 2104 110 2164 p.
139 2079 209 2164 37).

172 2183 333 2250 Venimus
352 2207 437 2250 nune
457 2185 498 2250 od
516 2183 633 2250 mendo
652 2185 686 2250 in
706 2183 795 2250 exitu
816 2183 990 2250 uerborum
1004 2185 1137 2252 usitate.
1171 2183 1247 2255 Sae-

78 2295 219 2380 pissime
249 2297 492 2360 commutantur
518 2315 544 2358 ει
576 2299 608 2358 et
636 2314 702 2374 ειν,
731 2291 912 2357 cuiusmodi
941 2293 1072 2378 mendo,
1100 2317 1182 2380 quae
1211 2296 1246 2363 iu

78 2402 104 2468 L
131 2412 164 2465 et
185 2399 220 2466 M
239 2399 343 2466 multa
363 2399 663 2484 deprelrendrmtur,
686 2421 892 2484 nequaquam
912 2400 1022 2466 omnin
1042 2400 1076 2466 in
1096 2401 1165 2469 edd.
1180 2425 1247 2470 eor-

78 2522 170 2576 recta
198 2515 283 2573 suut.
314 2509 368 2574 Sir
392 2530 432 2574 ne
456 2507 490 2574 in
509 2507 540 2572 Ii
560 2507 690 2592 quidem
715 2529 745 2592 p.
761 2507 827 2570 665
851 2512 927 2571 ante
946 2508 999 2572 fin.
1023 2503 1060 2574 τὸ
1080 2503 1125 2594 μὴ
1144 2527 1246 2593 προσ-

80 2621 167 2702 ῆκον
191 2613 334 2682 ἕκαστον
357 2611 462 2704 ἑαυτῷ
486 2609 756 2700 προσλαμβάνει
783 2609 873 2680 1ιιτὸ
894 2651 935 2662 -
951 2612 1247 2700 προσλαμβάνειν

78 2749 139 2792 τινα
166 2749 199 2810 p.
217 2725 284 2789 6ῖ6
307 2746 338 2809 p.
362 2723 444 2790 med.
469 2725 648 2808 νομίζειν
671 2723 802 2806 μικρῶν
825 2716 910 2786 εἶναι
936 2717 1101 2807 στομάτων
1123 2723 1158 2789 in
1182 2747 1247 2792 νο·

77 2839 183 2920 μίξει
210 2856 241 2898 τι.
262 2855 290 2898 τ.
312 2835 342 2896 λ.
364 2833 527 2896 mutatum
552 2835 610 2896 est.
634 2829 668 2896 P.
692 2831 758 2894 392
783 2851 814 2914 p.
836 2829 879 2894 in.
907 2829 942 2896 in
966 2831 1115 2897 oratione
1140 2829 1244 2920 Chry·

79 2942 170 3028 -ippi
197 2939 412 3024 subobseuru,
439 2961 537 3024 quam
567 2938 637 3003 edd.
660 2959 761 3022 praru
787 2937 1052 3022 interpunctione
1081 2939 1247 3007 obscurio-

78 3073 151 3116 rem
175 3045 398 3130 reddiderim,
421 3045 469 3111 rio
493 3045 699 3111 scribendum
723 3045 799 3110 fuit:
823 3037 843 3110 ό
865 3067 901 3110 τε
921 3041 1044 3130 Ζήνων
1062 3041 1147 3133 πρὸς
1165 3043 1248 3128 τοὺς

79 3150 432 3240 ἐπιλαμβανομένους,
456 3145 507 3220 ότι
530 3149 639 3218 πάντα
661 3147 702 3218 τά
723 3147 907 3237 ζητούμενα
926 3153 975 3230 εἰς
991 3148 1029 3220 τὸ
1049 3149 1157 3241 στόμα
1179 3153 1248 3240 φέ-

80 3287 142 3346 ρει
167 3259 302 3346 (φέρειν
324 3257 553 3348 Mercuri),
577 3261 703 3346 ἔφησεν
722 3253 811 3326 ’ἀλλ’
829 3252 872 3326 οὐ
888 3256 998 3326 πάντα
1016 3263 1247 3330 maurum

79 3373 131 3436 'ot
152 3369 241 3436 Zeno
260 3367 585 3453 reprehendentibus,
608 3369 694 3454 quod
714 3367 839 3452 omniu,
862 3369 999 3452 quaein
1019 3370 1245 3454 quaestionem

81 3483 257 3546 eruuntur.
285 3477 321 3542 iu
344 3498 400 3543 ore
423 3479 582 3562 gesturet,
610 3475 679 3540 ‘ut’
704 3475 811 3562 inquit
834 3467 916 3542 ‘riou
940 3475 1050 3542 omniu
1074 3499 1095 3542 a
1118 3501 1170 3544 me
1194 3479 1246 3546 de·

81 3583 262 3652 rorantur?
299 3583 334 3650 P.
358 3583 424 3650 312
447 3587 527 3648 extr.
550 3581 768 3650 MABChK:
791 3585 851 3648 καί
869 3605 926 3669 μοι
951 3585 1047 3650 donet
1066 3579 1122 3650 καλ
1142 3577 1245 3664 αὐτὸς

1 3707 2 3712 ’
97 3721 143 3762 se.
167 3687 186 3759 d
212 3688 418 3778 Χρύσιππος)
435 3727 481 3738 -
495 3687 545 3757 lat
571 3695 728 3758 πλεῖστον
751 3690 910 3758 έκτείνειν
936 3685 1017 3770 τοὺς
1038 3685 1162 3774 λόγους
1183 3683 1247 3758 σιἰκ

82 3799 212 3872 ὀκνεῖ,
244 3823 304 3866 nos
333 3793 395 3866 οὐκ
425 3793 573 3884 όκνεῖυ;
607 3823 638 3885 p.
662 3801 724 3864 nst
756 3800 838 3867 med.
861 3800 926 3867 illi:
957 3795 1020 3866 ὥτε
1049 3791 1121 3864 κατ’
1141 3791 1247 3884 άρχάς

81 3905 193 3985 εὐθὺς
215 3909 317 3981 δεῖν,
345 3929 405 3974 nos
429 3907 493 3992 (ἱεῖς
521 3929 552 3992 p.
576 3908 641 3974 597
667 3909 710 3974 in.
734 3907 798 3974 illi:
820 3911 943 3976 κακίαν
967 3899 999 3972 d’
1021 3907 1100 3990 ἔχει
1127 3907 1246 3994 ψυχῆς,

81 4041 145 4086 nos
174 4039 203 4083 ιι.
230 4017 338 4101 ἔχειν
366 4025 412 4100 να
446 4037 476 4100 p.
500 4015 562 4081 621
594 4037 625 4101 p.
648 4015 704 4082 iu.:
737 4009 889 4101 ὁμοειδὲς
916 4012 953 4082 di
981 4011 1036 4080 rud
1068 4010 1152 4080 κατὰ
1183 4011 1247 4102 τὴν

81 4119 208 4190 αι’σίαν
234 4119 272 4188 τὸ
302 4123 426 4206 νεῦρον
455 4116 635 4206 ὑπάρχειν
665 4123 710 4212 τῷ
742 4119 929 4214 ἐγκεφάλῳ,
960 4146 1021 4189 nos
1053 4121 1158 4190 eieoto
1190 4123 1252 4190 ιτσέ

83 4229 238 4315 ὑπάρχει
264 4229 476 4296 restituimus.
510 4229 556 4298 t’t
578 4237 689 4298 autern
713 4253 766 4297 ειν
784 4237 816 4298 et
840 4254 885 4312 ει,
909 4231 956 4297 itu
980 4253 1033 4296 ειν
1055 4233 1088 4296 et
1107 4253 1157 4316 ιγι,
1179 4231 1201 4298 i.
1220 4253 1247 4300 e.
1336 4237 1343 4251 '

83 4367 103 4428 p
131 4341 373 4427 permutantur,
401 4338 490 4406 velut
513 4361 544 4426 p.
567 4339 629 4406 371
657 4340 718 4405 sub
742 4341 796 4404 tin.
819 4339 854 4406 in
877 4337 948 4406 MA
971 4332 1042 4404 εἶτα
1065 4332 1248 4406 συνάπτειν

81 4447 205 4534 dorius
227 4441 338 4533 λέγειν
360 4469 420 4534 pro
444 4443 523 4536 λέγῃ
547 4447 706 4534 seriptum
731 4451 790 4512 est
836 4445 926 4514 idem
949 4445 1102 4514 mendum
1126 4469 1157 4534 p.
1179 4443 1246 4514 357

993 4571 1032 4630 Ρ
