2994 5024
687 332 731 347 -
778 297 844 364 ‘266
891 335 932 346 --

225 455 281 526 καὶ
314 449 394 526 καθ’
432 453 591 537 οὕστινας
622 456 747 540 τόπους
779 459 817 526 ἐν
849 471 920 540 τοῖς
949 457 1044 550 ζῴοις
1070 457 1310 548 καθιδρυμένα
1342 458 1398 527 arel

226 563 278 634 ὅτι
308 563 397 656 λόγῳ
426 563 488 652 χρὴ
519 567 766 647 διασκέψασθαι
796 568 868 653 περὶ
898 571 960 636 τοῦ
990 567 1158 655 δόγματος
1186 567 1402 655 ἐκφυγόντος

224 671 285 753 τὰς
313 671 499 759 αἰσθήσεις.
548 671 588 740 ιδ
620 673 656 742 δὲ
686 674 804 760 ἑφεξῆς
832 670 949 742 οὐκέθ’
980 672 1106 763 ὁμοίως
1134 681 1210 763 ἔχει.
1255 681 1401 744 δίκαιον

226 780 291 868 μὰρ
323 772 382 867 ἦν,
416 778 526 869 οἶμαι,
562 785 698 867 πρῶτον
736 781 798 868 μὲν
835 786 958 858 εἰπεῖν,
993 779 1056 850 ὑπὸ
1094 789 1200 852 τίνων
1232 789 1401 852 πιθανῶν

192 885 444 968 ῡᾶναπεισθελς
472 885 490 956 6
516 888 662 957 Πλάτων
690 887 797 968 οὕτως
825 889 994 975 ἐδόξαζεν,
1024 895 1136 958 ἔπειτα
1165 893 1202 960 δὲ
1227 895 1399 979 ἐξελέγξαι

226 997 281 1064 καὶ
315 1000 491 1128 διαβαλεῖν
523 994 608 1066 αὐτὰ
643 995 721 1066 κόπλ
756 995 864 1088 τοότμ
896 997 960 1085 τὴν
990 997 1112 1066 ἑαυτοῦ
1145 999 1397 1068 κατασκευάσαι

159 1103 286 1186 ί’ριιδόξ
270 1105 332 1186 ξαν
351 1105 356 1192 Ι
377 1101 440 1172 οόκ
464 1106 500 1172 ιἰι
523 1109 682 1174 πιθανῶν
706 1105 982 1192 ἐπιχειρημάτων.
1006 1109 1092 1186 οἵοις
1115 1111 1198 1186 ἔθος
1221 1109 1290 1176 ἐστὶ
1318 1112 1402 1195 χρῆ-

226 1221 308 1280 σθαι
333 1227 509 1299 σοφισταις
536 1239 569 1281 τε
598 1215 652 1281 καὶ
684 1213 860 1323 ῥήτορσιν,
889 1210 1015 1282 ιιλλιι’
998 1217 1031 1294 εξ
1061 1215 1336 1303 ἐπιστιμμονικῶν
1366 1243 1401 1282 τε

225 1320 281 1388 καὶ
310 1315 620 1405 ἀποδεικτικῶν,
600 1349 621 1388 α
650 1321 692 1406 δὴ
726 1328 1011 1410 μεταχειρίζεσθαι
1044 1323 1158 1409 πρέπει
1188 1321 1402 1410 φιλοσόφοις

187 1423 394 1514 ιοᾶνδρόσιν
422 1424 590 1558 αλόθειμυ
618 1428 878 1512 σπουδάζουσιν.
928 1421 993 1514 ἆρα
1023 1421 1087 1498 οὖν
1118 1428 1226 1510 οὕτως
1255 1427 1274 1498 6
1307 1430 1401 1518 Χρό

226 1529 392 1616 σιππος
375 1538 516 1623 επριιξεν
541 1533 559 1624 ii
587 1563 656 1605 παν
683 1533 902 1610 τοίιἉναντιου
932 1536 1113 1606 ἐπελάθετο
1141 1535 1205 1624 μὲν
1233 1535 1280 1618 ῶς
1310 1537 1401 1625 μηδι

123 1645 126 1652 ’
225 1641 433 1731 προιιριμιῶς
463 1643 549 1772 6699
576 1672 608 1714 τι
631 1647 706 1733 περὶ
734 1649 793 1731 τῆς
814 1649 876 1713 τοῦ
900 1643 1085 1726 Πλάτωνος
1108 1643 1275 1732 δόξαιμ’
1254 1672 1398 1734 αρχετιιι

226 1752 264 1819 δὲ
288 1749 507 1838 ἐπιχειριῑν’
490 1751 554 1820 ιιπὸ
578 1757 640 1821 τοῦ
663 1755 784 1880 γένους
807 1757 875 1820 τῶν
898 1752 1092 1841 λημμάτων,
1116 1749 1134 1822 li
1158 1753 1243 1821 κατὰ
1267 1753 1401 1880 μαρτύ-

226 1885 298 1946 ρων
325 1857 482 1940 δόξαν’“
462 1889 482 1947 η
513 1865 660 1948 πλῆθος,
695 1858 736 1930 06
764 1858 847 1928 κατὰ
880 1859 943 1949 τὴν
970 1865 1071 1929 τοῦ
1063 1859 1258 1948 πράγματος
1286 1861 1401 1948 φύσιν

199 1993 213 2030 s
226 1965 323 2050 ἄξιον
354 1969 582 2058 πιστεύεσθαι.
636 1968 845 2058 παραγράψω
879 1969 916 2036 δὲ
954 1969 1008 2036 καὶ
1048 1968 1112 2057 τὴν
1150 1971 1252 2056 ῥῆσιν
1284 1965 1400 2055 αὐτὴν

264 2209 278 2258 1
298 2201 488 2290 καθρυμὲνας
504 2203 566 2283 (sict
586 2203 619 2258 P*
640 2202 828 2290 καθρυμένην
846 2203 883 2258 P*
901 2201 1119 2290 καθιδρυμένας
1138 2201 1229 2258 61.-
1251 2210 1268 2258 3
1288 2199 1399 2272 αἰσθή-

226 2275 378 2344 saep.-
346 2270 453 2330 -οόιι
473 2271 522 2330 ἔθ
543 2275 726 2330 FPABCHK
746 2269 851 2330 οόιιέθ’
872 2276 993 2330 Lll.-
1017 2271 1119 2346 ὁμοίου
1139 2277 1168 2329 61
1187 2274 1344 2344 ΐμοιᾞωςΡ
1367 2307 1400 2316 -

226 2355 243 2402 4
266 2347 379 2416 πρῶτον
397 2345 491 2402 εἶπειν
515 2347 628 2402 FP
656 2355 671 2402 6
691 2350 865 2420 καταλαβειν
890 2349 923 2402 ΡΙ
948 2349 1122 2420 καταβαλειν
1145 2347 1180 2401 P·
1188 2348 1242 2400 F(
1234 2349 1282 2402 (ci.
1309 2349 1399 2404 l‘roll.

226 2437 256 2506 p.
270 2425 314 2483 76)
334 2419 383 2474 καλ
403 2423 484 2506 spat
496 2437 557 2474 vac.
572 2419 767 2474 tlitterarmn
788 2423 885 2491 μαλειν
901 2419 928 2472 6l
948 2422 1097 2504 διαβαλεῖν
1114 2417 1225 2474 L.t.-
1246 2423 1400 2474 ιιιπίτατιο

226 2487 381 2560 stirp.-
414 2485 512 2545 rote'
533 2487 671 2546 tat.-
695 2486 749 2546 ‘66
770 2494 797 2545 δι
818 2491 933 2560 isic)l'²
957 2512 975 2544 α
996 2487 1032 2559 δὴ
1054 2491 1144 2546 P².-
1171 2487 1345 2560 αἰλοοόφοις
1366 2491 1400 2545 ΡΙ

150 2569 152 2574 “
226 2509 397 2632 φιλοσόφοις
416 2561 513 2618 Pt-
540 2565 600 2618 10
592 2580 622 2618 ιο
641 2563 735 2618 verbis
755 2557 899 2631 ἀληθειαν
923 2563 1133 2628 σπουδάζουσιν
1152 2562 1242 2618 desin.
1268 2569 1399 2650 excerpt.

227 2633 358 2720 ΙΙΜοσδό
370 2635 482 2690 lP.-
509 2641 539 2690 ΙΙ
567 2627 730 2718 ἔπρμξεν
715 2655 730 2689 ο
756 2655 811 2697 πας
831 2635 921 2690 61
950 2641 981 2688 13
1006 2633 1212 2704 γένυοςΙι.-
1239 2633 1400 2708 λημμάτιον

225 2700 261 2762 οό
289 2701 362 2761 κατὰ
392 2705 423 2762 L
447 2737 481 2747 -
516 2715 548 2761 14
573 2703 704 2774 πλήθους
729 2706 896 2762 MABChlr'
919 2677 1031 2775 πλῆθός
1057 2706 1088 2763 L.
1115 2737 1149 2748 -

231 2855 446 2864 ——------—-

225 2943 308 3010 locis
332 2943 523 3028 collocatae,
548 2943 734 3030 explicavit,
758 2948 829 3010 tum
848 2944 887 3008 de
911 2943 974 3010 hoc
994 2943 1134 3028 decreto,
1157 2945 1283 3030 quippe
1309 2941 1399 3032 quod

226 3073 358 3118 sensum
377 3051 553 3138 refugeret,
572 3051 700 3117 ratione
721 3053 957 3136 anquirendum
974 3075 1054 3126 esse.
1088 3057 1133 3118 At
1152 3075 1236 3137 ιμιαο
1252 3075 1399 3140 sequun-

226 3163 293 3242 tur,
321 3157 387 3224 iam
417 3181 483 3226 non
517 3158 565 3224 ita
594 3182 628 3224 se
657 3157 790 3224 habent.
837 3143 1126 3245 Aequum'cnim,
1155 3160 1292 3246 opinor,
1324 3167 1399 3228 erat
1489 3183 1490 3192 ¹

226 3267 369 3352 primum
397 3288 573 3352 exponere,
600 3267 718 3351 quibus
752 3267 936 3333 rationibus
972 3269 1200 3353 probabilibus
1230 3269 1398 3336 adductus

226 3373 322 3440 Plato
345 3374 394 3440 ita
418 3363 607 3458 censuisset,
631 3373 746 3439 deinde
771 3397 825 3439 eas
850 3375 997 3440 refellere
1021 3379 1119 3460 atque
1143 3375 1398 3460 reprehendere,

227 3485 298 3547 turn
330 3505 424 3548 suam
462 3483 567 3566 ipsius
601 3481 790 3566 opinionem
829 3484 1021 3548 confirmare
1060 3505 1127 3550 nou
1160 3485 1397 3569 probabilibus

227 3588 446 3675 argumentis,
473 3590 593 3675 quibus
621 3589 790 3674 sophistae
819 3595 851 3654 et
882 3589 1030 3656 rhetores
1064 3591 1112 3656 uti
1142 3600 1398 3678 consueverimt,

227 3695 284 3762 sed
307 3719 390 3784 quae
414 3697 633 3762 subtilitatem
658 3703 755 3782 atque
785 3698 1016 3763 auctoritatem
1041 3698 1178 3782 habent,
1206 3699 1242 3765 in
1272 3703 1396 3788 quibus

226 3805 352 3870 versari
383 3804 601 3889 philosophos
637 3804 785 3870 veritatis
820 3805 984 3872 studiosos
1015 3807 1116 3872 decet.
1167 3807 1254 3884 Quid
1291 3811 1398 3897 igitur

227 3909 458 3998 Chrysippus?
496 3913 585 3978 itane
619 3913 696 3978 feeit
731 3935 770 3976 au
805 3935 939 3996 prorsus
965 3935 981 3978 e
1012 3915 1199 3982 contrario?
1257 3917 1396 3984 Oblitus

228 4021 291 4103 cst,
314 4019 408 4104 quasi
432 4019 516 4084 nihil
545 4021 677 4086 omnino
702 4019 912 4087 deprecaris
942 4023 1103 4088 sententia
1137 4024 1229 4108 prius
1253 4024 1397 4094 dixisset

227 4125 407 4210 incipitque
440 4133 636 4211 argumenta
664 4137 775 4211 petere
803 4151 841 4194 ex
875 4153 913 4194 eo
942 4151 1059 4216 genere
1093 4131 1316 4216 sumtionmn,
1345 4135 1396 4200 cui

227 4253 294 4298 non
317 4255 355 4298 cx
380 4233 454 4316 ipsa
478 4235 524 4298 rei
542 4241 671 4318 natura,
694 4234 751 4299 sed
770 4259 809 4300 ex
832 4239 967 4302 testium
987 4237 1141 4322 opinione
1165 4237 1216 4302 vel
1242 4243 1398 4309 multitu-

228 4337 303 4404 dine
326 4339 405 4404 fides
429 4339 580 4406 habenda
600 4348 659 4408 est.
697 4343 892 4410 Arlseribam
912 4345 1011 4410 rerba
1034 4345 1117 4432 ipsa,
1141 4367 1224 4431 quac
1250 4349 1288 4416 in
1308 4351 1394 4418 hunc
