3024 5022
693 337 737 348 -
786 300 853 366 416
899 335 967 362 -.

238 463 279 551 τῇ
313 465 513 548 διδασκαλίᾳ
546 460 713 548 μεμπτέον
730 455 792 538 ’ὡς
824 456 887 527 οὐκ
917 455 1048 545 ἀληθεῖ.
1101 463 1202 530 τοῦτο
1235 461 1275 530 δὲ
1302 459 1411 531 οὐδὲν
1490 483 1493 490 ·

239 559 340 656 ἧττον
363 564 453 660 αὐτῷ
477 568 532 635 καὶ
556 567 640 636 κατὰ
664 567 725 635 τὸν
753 567 871 654 ἐφεξῆς
894 563 1034 653 ὑπάρχει
1061 565 1166 654 λόγον
1189 567 1321 639 ἅπαντα
1343 570 1411 639 τὸν

239 677 277 744 ἐν
298 679 344 769 τῷ
368 675 443 762 περὶ
466 678 590 743 παθῶν
618 672 737 766 ἠθικῷ.
785 677 907 761 γράφει
932 679 1018 761 γοῦν
1040 666 1120 743 ὦδε·
1146 675 1217 746 ‘tet
1241 679 1410 748 καὶκατὰ

210 781 377 871 ἀρότου
416 785 577 870 προῆκται
617 781 754 870 Ζηνωνι
792 781 905 867 λόγος·
937 779 958 870 ἡ
997 782 1035 852 δὲ
1070 788 1129 871 της
1161 791 1271 873 ψυχῆς
1303 787 1412 868 νόσος

170 889 431 980 μηόμοιοτότη
456 891 524 958 ἐστὶ
554 896 559 978 l
588 893 627 978 τη
655 891 717 956 τοῦ
745 887 899 976 στόματος
925 887 1162 982 ἀκαταστασία.
1208 896 1338 982 λέγεται
1367 896 1435 964 δὲ’

238 997 337 1068 ἐἶναι
365 997 518 1087 στόματος
546 997 646 1076 νόσος
676 993 693 1084 ἡ
728 993 935 1084 ἀσυμμετρία
967 1003 1036 1068 τῶν
1068 1001 1105 1068 ἐν
1133 997 1242 1092 αὐτῷ,
1270 1008 1410 1091 θερμοῦ

238 1107 306 1176 ’καὶ
330 1109 473 1195 ψυχροῦ,
497 1109 602 1194 ξηροῦ
625 1107 679 1174 καὶ
704 1101 833 1192 ὐγρού.’
871 1107 926 1174 καὶ
950 1107 1031 1194 μετὰ
1055 1103 1153 1194 ὀλίγα
1177 1107 1209 1196 ‘ip
1235 1109 1273 1177 δὲ
1297 1111 1409 1204 ἐντῷ

238 1213 379 1303 ’στόματι
405 1210 513 1300 ὑγίεια
537 1211 697 1299 εὐκρασία
716 1241 765 1292 τις
784 1213 838 1282 καὶ
858 1221 1043 1303 συμμετρία
1062 1218 1130 1284 τοῖν
1149 1214 1184 1283 δ’
1203 1216 1409 1304 εἰρημένων

238 1322 293 1390 καὶ
316 1321 419 1390 πόλιν
442 1323 559 1409 ἐφεξῆς
583 1319 687 1409 ‘oium
713 1319 777 1409 γίιρ
801 1321 888 1389 εἶναι
913 1319 1044 1404 εὐεξίαν
1068 1323 1222 1412 σώματος
1245 1322 1309 1411 τὴν
1331 1320 1411 1408 ἀρί-

239 1432 334 1517 “στην
364 1433 432 1498 τῶν
460 1430 637 1516 ῥηθέντων
665 1426 864 1516 εὐκρασιάν’
895 1431 950 1498 καὶ
978 1429 1081 1500 πόλιν
1115 1433 1233 1518 ἑφεξῆς
1256 1431 1409 1518 ελέγεται

239 1537 289 1606 ‘dt
311 1538 366 1606 καὶ
390 1541 494 1606 ταῦτα
517 1533 667 1604 oda-cirri
693 1535 820 1624 τρόπου
843 1537 895 1604 ἐπὶ
918 1541 981 1606 τού
1004 1535 1172 1625 στόματος,
1201 1537 1289 1608 διότι
1318 1537 1340 1627 ἡ
1366 1542 1408 1608 ἐν

238 1646 391 1733 εθερμοῖς
413 1644 468 1712 καὶ
493 1659 634 1732 ψυχροῖς
656 1645 711 1712 καὶ
737 1641 853 1732 ὑγροῖς
876 1647 931 1712 καὶ
956 1649 1068 1733 ξηροῖς
1091 1649 1253 1735 γινομένη
1278 1669 1409 1736 συμμε,

238 1755 325 1840 ετρία
353 1747 373 1840 ἢ
401 1749 610 1840 ἀσυμμετρία
639 1753 730 1820 ἐστίν
759 1750 868 1838 ὑγίεια
895 1749 916 1840 i}
945 1753 1060 1842 νόσος,
1092 1751 1113 1842 ἡ
1139 1754 1176 1824 δὲ
1205 1757 1243 1824 ἐν
1266 1755 1410 1840 νεύροις

238 1863 435 1948 “συμμετρία
463 1856 483 1950 ἢ
516 1857 722 1949 ἀσυμμετρία
755 1859 851 1948 ι’σχύς
880 1857 898 1948 ἢ
933 1859 1095 1930 ἀσθένεια
1126 1861 1182 1930 καὶ
1214 1858 1352 1930 εὐτονία
1386 1859 1407 1950 ἢ

197 2009 224 2048 15
238 1965 378 2054 ‘sicorim
401 1965 421 2056 ἡ
446 1968 483 2038 δὲ
507 1970 544 2036 ἐν
567 1983 638 2048 τοῖς
660 1971 773 2055 με’ίεσι
797 1975 983 2057 συμμετρία
1009 1965 1026 2056 ἢ
1047 1965 1256 2058 ἀσυμμετρία
1278 1968 1410 2052 κάλλος

275 2193 289 2240 1
310 2179 405 2254 ἇίηθη
426 2185 463 2240 ll.
489 2215 522 2225 -·
547 2193 562 2238 2
584 2179 654 2255 αὐτη
677 2186 756 2241 codd.
777 2187 839 2242 cdd.
859 2181 938 2259 αὐτῷ
962 2203 1021 2241 uos.
1042 2217 1075 2227 -
1100 2187 1157 2242 τών
1176 2187 1238 2242 cad.
1263 2203 1349 2242 manu
1372 2188 1406 2245 in

238 2253 289 2312 τόν
308 2263 449 2312 mutatum
468 2257 505 2312 M.
533 2287 565 2298 -·
592 2263 606 2309 ἵ
629 2259 738 2325 coppos·
759 2259 845 2326 ξηροῦ
870 2257 957 2313 Man
985 2275 1013 2319 υ.
1034 2257 1083 2312 καί
1102 2261 1125 2323 ξ.
1146 2257 1230 2325 Chim
1255 2258 1292 2313 cf.
1311 2259 1406 2317 Proll.

238 2349 266 2401 p.
286 2336 329 2386 68.
354 2359 387 2370 -
412 2327 627 2398 ὃδιηρημὲνων
651 2331 731 2384 cedd.
756 2331 819 2386 edd.
840 2331 949 2399 liuguct
972 2331 1016 2396 (de
1037 2329 1183 2400 Chrysipp.
1204 2349 1231 2401 p.
1253 2337 1317 2399 31⁴)
1341 2331 1408 2403 legi

238 2402 302 2457 vult
323 2393 550 2489 προειρημένους
574 2418 625 2455 nos
649 2402 705 2454 τών
725 2397 753 2455 δ’
779 2403 807 2468 (ί.
827 2419 850 2456 e.
870 2397 1023 2470 τεσσάρων)
1043 2401 1201 2470 eloquimur
1220 2403 1409 2461 coniecimus.

239 2505 272 2518 -
296 2479 313 2528 9
333 2492 409 2527 εινοιι
432 2471 486 2542 γὰρ
506 2469 586 2543 οἶμαι
606 2473 633 2526 ll
658 2469 736 2542 οἶμαι
756 2473 810 2542 γαρ
830 2471 905 2528 εἶναι
925 2475 958 2528 Α.
978 2505 1013 2515 -
1037 2482 1069 2528 ll
1094 2463 1152 2528 όιιο
1179 2470 1287 2542 τρόπον
1309 2475 1343 2530 Κ.
1366 2506 1406 2518 -

239 2551 272 2600 12
292 2543 431 2616 γενομένη
451 2544 530 2600 codd.
552 2545 614 2599 edd.
638 2542 774 2614 γινομένη
795 2562 853 2600 nos.
880 2577 912 2586 --
938 2553 971 2599 13
995 2539 1012 2614 ἢ
1033 2539 1211 2616 ἀσυμμετρία
1230 2561 1285 2600 om.
1306 2547 1342 2602 ll.
1364 2578 1405 2590 -

240 2611 255 2688 ἡ
275 2613 306 2672 δ’
326 2612 455 2684 ίνεύροις
474 2615 511 2671 bl.
532 2647 565 2657 -
587 2624 620 2670 14
642 2612 656 2684 ἲγ
677 2612 852 2687 ἀσυμμετρία
873 2635 926 2673 oru.
946 2618 984 2672 ll.
1004 2647 1038 2658 -

236 2837 376 2921 tionem,
404 2857 487 2922 quae
516 2839 567 2900 est
594 2835 629 2900 in
656 2835 742 2902 libro
772 2836 889 2902 morali
918 2835 957 2902 de
986 2835 1298 2922 perturbationibus.
1344 2837 1403 2907 lbi

236 2945 271 3011 in
289 2943 376 3011 bunc
396 2943 529 3009 modum
549 2943 678 3008 scribit:
708 2945 832 3020 tiuare
852 2953 941 3030 apte
965 2967 1176 3032 progressa
1196 2951 1258 3010 est
1277 2945 1403 3014 Zeno·

236 3053 297 3120 nis
320 3051 465 3138 orati03
485 3051 610 3116 animi
634 3071 764 3118 autem
787 3054 944 3118 morbus
968 3053 1145 3140 corporis
1169 3052 1402 3122 inconstan-

236 3162 316 3228 tiae
339 3160 571 3248 simillimus
596 3166 663 3226 cst.
700 3161 856 3226 Dicitur
880 3165 1008 3226 autem
1033 3162 1211 3246 corporis
1236 3163 1401 3230 morbus

217 3255 358 3338 ¹calidi
382 3268 536 3356 frigidi,
560 3269 656 3334 sicci
680 3269 829 3334 humidi
857 3269 896 3334 iu
920 3292 964 3336 co
988 3269 1257 3356 inaequalitas
1280 3291 1401 3356 quae·

236 3375 343 3444 dam?
393 3376 565 3462 Etpaulo
594 3381 683 3462 post:
735 3375 910 3442 ‘Semitas
941 3378 1123 3464 corporis
1159 3380 1400 3464 temperatio

236 3483 423 3574 quaedam
442 3485 543 3552 bona
557 3489 593 3548 et
610 3485 877 3570 aequabilitas
898 3491 1083 3570 quattuor
1101 3485 1277 3572 illorum,
1295 3509 1399 3574 quae

236 3593 330 3678 dixi,
354 3591 433 3658 est!
475 3591 560 3658 Item
579 3592 747 3678 deinceps:
785 3592 996 3660 ‘Existimo
1021 3595 1123 3660 enim
1147 3594 1288 3662 bonum
1311 3617 1399 3662 cor·

236 3701 346 3788 poris
370 3701 549 3768 habitum
573 3724 657 3766 esse
682 3703 869 3786 optimam
894 3725 1037 3786 eorum,
1061 3724 1157 3788 quae
1181 3701 1277 3788 dixi,
1300 3705 1399 3768 teru-

236 3809 499 3898 perationem!
537 3810 583 3876 Et
601 3833 690 3876 mox:
719 3807 784 3874 ‘Et
802 3809 897 3874 baec
915 3833 992 3878 nou
1015 3811 1148 3896 inepte
1171 3811 1213 3876 iu
1230 3832 1399 3895 corpore

235 3919 435 4004 dicuutur,
472 3919 577 4007 quia,
615 3939 710 4003 ηοοο
747 3918 787 3982 iu
825 3917 970 3984 calidis
1011 3919 1188 4004 frigidis,
1224 3917 1400 3986 humidis

236 4027 351 4094 siccis
372 4029 561 4094 consistit
579 4025 846 4114 aequabilitas
866 4025 928 4092 vel
952 4025 1267 4112 inaequabiliter
1290 4028 1399 4096 sani·

235 4140 296 4202 tas
310 4134 371 4202 vel
386 4137 542 4204 morbus
558 4146 629 4220 cst,
643 4136 683 4202 iu
697 4133 826 4200 uersis
842 4135 959 4200 robur
974 4133 1035 4200 vel
1049 4134 1311 4204 imbecillitas
1326 4117 1401 4206 fir?

235 4245 429 4331 mitesque
448 4245 509 4310 vel
528 4245 764 4326 iul'irmitaS,
787 4243 827 4308 in
850 4242 1035 4309 membris
1057 4241 1313 4327 pulchritudo
1333 4247 1400 4316 vel

235 4353 491 4422 deformitas!
529 4354 620 4421 Hace
643 4353 784 4440 quidem,
807 4353 931 4437 optime
956 4349 1152 4438 Chrysippo,
1176 4353 1287 4420 omnia
1311 4353 1400 4424 benc
