2976 5028
658 289 908 374 ’.γςς-

232 471 377 558 εστῆθος
398 469 436 538 σὲ
458 469 584 556 πλήξας
605 471 749 554 κραιλίην
774 463 916 554 ἠνίπαπε
938 464 1055 556 μύθῳ·

232 579 385 646 ’τέτλαθι
408 577 463 665 δὴ,
486 581 621 664 κραδίη·
643 577 699 644 καὶ
722 573 887 660 κύντερον
909 571 991 642 ἄλλο
1014 571 1088 642 κοτ’
1114 579 1231 663 Eripe?

186 686 281 754 tanti
309 683 375 773 γίιρ
393 683 538 772 Ὅμηρος
565 685 699 770 ἐποίησε
726 680 788 751 τὸν
808 677 968 750 Ὀδυσσέα
995 683 1138 768 λέγοντα
1165 683 1251 769 πρὸς
1274 685 1350 752 έαυ-

186 790 265 878 τόν,
293 789 394 881 ἡνίκα
418 789 472 878 ἐφ’
498 786 550 872 οἷς
572 789 660 878 ἑτέρα
683 787 766 859 κατὰ
789 787 853 875 τὴν
883 795 996 858 οἰκίαν
1017 791 1263 878 τραπομένοις
1286 789 1350 860 ὑπὸ

160 901 258 968 aecio
288 903 510 988 θεραπαινῶν
541 896 676 982 ἆνέζεσέ
708 923 744 965 τε
779 896 818 966 τὸ
851 895 935 964 κατὰ
969 896 1034 984 τὴν
1062 903 1210 985 καρδίαν
1240 896 1350 968 αὐτοῦ

185 1005 319 1096 θερμὸν
341 1009 459 1096 ἔμελλέ
473 1033 508 1076 τε
528 1007 668 1094 νικήσας
685 1005 704 1076 ὁ
723 1004 836 1094 θυμὸς
857 1004 919 1073 τὸν
940 1005 1106 1092 λογισμὸν
1129 1005 1229 1074 έπλ”
1206 1033 1352 1094 ακαιρον

186 1113 328 1184 κόλασιν
355 1113 448 1198 ἄξειν
474 1112 581 1184 αὐτὸν
611 1119 681 1184 τῶν
712 1116 894 1199 γυναικοῖν.
943 1110 986 1183 ὃν
1019 1140 1084 1201 γαρ
1116 1111 1237 1192 ἱππεὺς
1267 1111 1353 1244 πρὸς

186 1225 291 1292 ίκιιον
332 1217 353 1312 ἢ
393 1225 577 1311 κυνηγέτης
616 1221 701 1310 πρὸς
739 1223 826 1292 κύνα
862 1221 967 1308 λόγον
1002 1227 1130 1310 έχουσι,
1167 1222 1293 1290 τοῦτον
1331 1219 1351 1291 ὁ

120 1329 349 1419 θθθλογισμὸς
370 1329 456 1420 πρὸς
477 1329 605 1418 θυμόν.
648 1328 765 1418 ἄρχειν
792 1328 943 1418 μὲνγὰρ
967 1331 1005 1398 έν
1033 1331 1038 1418 Ι
1064 1327 1169 1398 ἅπασι
1191 1331 1248 1398 καλ
1271 1329 1352 1418 κρά-

148 1459 174 1498 10
187 1451 259 1506 actv
281 1439 352 1508 ἐστι
380 1437 594 1526 δικαιότερον
619 1437 671 1507 τὸ’
685 1437 785 1524 φύσει
809 1451 977 1524 κρεῖττον,
1005 1436 1124 1518 ἱππεὺς
1150 1436 1214 1524 μὲν
1236 1441 1352 1526 ἵππου,

187 1546 371 1634 κυνηγέτης
398 1546 436 1615 δὲ
464 1545 582 1631 κυνός,
609 1543 771 1632 λογισμὸς
797 1543 835 1612 σὲ
858 1547 990 1632 θυμοῦ,
1018 1551 1196 1633 συμβαίνει
1226 1546 1264 1614 σέ
1288 1543 1352 1616 οὐκ

187 1649 241 1722 ἀεὶ
264 1653 358 1746 νόμῳ
380 1653 516 1742 φύσεως
538 1658 742 1722 διοικεῖσθαι
765 1651 828 1738 τὴν
851 1659 1029 1738 συζυγίαν,
1056 1649 1142 1722 ἀλλὰ
1166 1656 1267 1733 ἵππος
1288 1654 1353 1742 μὲν

187 1762 295 1830 ε’νίοτε
318 1760 505 1848 δυσπειθής
528 1758 571 1831 οὐ
593 1761 677 1830 κατὰ
699 1759 829 1848 κόσμον
848 1760 1072 1848 ἐκφερόμενος
1093 1759 1352 1848 συναπήνεγοιεν

187 1865 278 1962 αὐτῷ
301 1867 363 1938 τὸν
385 1865 559 1956 ἀναβάτην
577 1866 748 1958 ἀρρωστίᾳ
772 1865 948 1954 δυνάμεως
967 1863 986 1955 ἢ
1009 1867 1191 1956 ἐπιστήμης
1215 1873 1353 1958 ἱππικῆς

148 1995 174 2036 1⁵
187 1973 319 2067 ἀμαθίᾳ
342 1979 535 2066 νικηθέντα,
557 1975 669 2064 θυμὸς
692 1973 728 2044 σὲ
753 1975 891 2062 ἰσχυρὸς
912 1975 968 2042 καί
992 1976 1043 2044 ἐπὶ
1067 1983 1234 2063 τιμωρίαν
1256 1973 1351 2045 ὅκοι·

187 2110 252 2170 ρον
279 2083 464 2173 ίξοριιήσας
491 2083 724 2172 σφοδρότερον
752 2089 844 2151 ἔστιν
872 2080 927 2150 ὅτε
955 2083 1230 2153 συνεπεσπάσατο
1258 2091 1352 2173 λογι-

225 2271 238 2320 1
261 2258 401 2334 ἤνείπακε
422 2260 550 2322 LMA’
533 2268 668 2356 ηνείπατε
688 2264 712 2320 Β
730 2263 775 2331 (cl.
795 2279 881 2334 supra
899 2269 967 2332 261,
988 2266 1033 2334 10)
1052 2263 1093 2320 ch
1114 2260 1294 2334 ἦνίτιακεΚ.
1315 2297 1350 2308 -

188 2336 433 2428 ’λκαρδίηλῐμ-
453 2333 537 2394 αλλοτ
570 2335 754 2408 έτληςΜμ
774 2335 1005 2422 tacerel.—
1026 2333 1243 2392 δαῦτῶῐμ-
1265 2331 1350 2395 78.-

187 2405 452 2478 κεριπαεῦςίι-
420 2406 747 2476 -8κρόςτίνα11-
761 2407 804 2476 λε’,
812 2427 875 2462 onor
910 2425 941 2462 ro
955 2403 1041 2476 λογον
1056 2407 1246 2477 azareel»
1262 2408 1351 2480 tyele

187 2497 243 2536 om.
257 2481 340 2537 la.-
360 2488 393 2537 14
412 2477 490 2538 αέτιὸ
510 2483 566 2536 LM
586 2477 663 2554 αὐτῷ
679 2481 779 2536 ,lssch
793 2427 969 2550 concili·
990 2477 1225 2565 έπιοτημηΙι.-
1245 2489 1280 2536 15
1299 2483 1352 2538 καὶ

187 2561 253 2610 aute
269 2548 431 2610 tutona
448 2585 481 2594 -
496 2540 952 2624 τιμοριονραοτιμωριανλι
967 2547 1297 2610 rememoraverat
1315 2587 1349 2598 —

180 2749 185 2756 ’
233 2735 388 2803 Pectora
411 2737 597 2822 percutiens
621 2757 678 2804 cor
700 2736 809 2802 verbis
834 2736 982 2820 increpat
1004 2735 1109 2802 hisce:

233 2865 303 2927 cor,
326 2844 449 2928 tolera,
473 2843 626 2930 graviora
650 2844 732 2910 alias
757 2843 932 2930 peioraque
957 2843 1112 2929 passum?

187 2950 239 3016 lta
266 2951 430 3018 Homerus
460 2951 590 3017 Ulixem
619 2975 730 3017 seorim
763 2953 949 3036 loquentem
973 2951 1065 3036 fecit,
1094 2975 1168 3018 cum
1197 2953 1349 3041 indigna-

187 3061 277 3126 tione
305 3059 522 3147 flagitiorum,
550 3082 633 3146 quae
661 3061 703 3126 ab
734 3059 862 3126 ancillis
892 3059 981 3126 domi
1009 3083 1087 3126 suae
1112 3061 1180 3127 lieri
1205 3063 1351 3150 ridebat,

187 3189 342 3234 accensor
373 3168 474 3234 animi
507 3168 544 3234 iu
580 3169 676 3234 corde
711 3167 802 3234 calor
837 3169 1063 3234 effervesceret
1100 3173 1198 3256 atque
1236 3171 1348 3258 ipsum

187 3278 342 3362 superata
369 3277 497 3342 ratione
520 3276 689 3342 iraeumdia
716 3276 756 3341 ad
782 3275 980 3362 supplicium
1007 3276 1046 3342 de
1075 3277 1205 3344 ancillis
1227 3279 1349 3348 intem·

186 3383 313 3470 pestive
345 3383 538 3450 sumendum
571 3384 830 3470 praecipitatura
863 3389 958 3449 esset.
1017 3383 1108 3462 Quae
1141 3385 1229 3452 enim
1260 3387 1351 3454 inter

188 3492 330 3581 equitem
364 3497 398 3558 et
427 3513 545 3578 equum
581 3492 633 3556 vel
668 3497 858 3558 venatorem
887 3495 920 3556 et
953 3513 1081 3576 canem,
1114 3493 1227 3560 eadem
1259 3493 1350 3564 inter

186 3601 348 3668 rationem
371 3606 404 3666 et
428 3599 630 3666 iracundiam
652 3599 825 3668 intercedit
848 3601 943 3667 ratio.
988 3601 1117 3668 Justiua
1141 3602 1271 3689 quidem
1295 3611 1349 3672 est

106 3707 113 3714 ’
187 3710 222 3776 in
246 3710 398 3776 omnibus
422 3708 584 3793 robusto,
608 3709 693 3795 quod
716 3715 835 3774 natura
860 3707 995 3793 eminet,
1023 3708 1184 3776 dominari
1209 3733 1246 3776 ao
1270 3712 1349 3797 plue

188 3815 310 3902 calere,
333 3816 475 3902 equitem
504 3839 603 3904 equo,
634 3821 822 3884 venatorem
845 3837 941 3900 cane,
971 3817 1133 3884 rationem
1161 3819 1348 3908 iracundia3

187 3923 244 3989 aed
268 3923 396 4008 accidit,
419 3929 544 3992 utnon
568 3947 697 4010 semper
720 3925 792 4012 lege
821 3931 959 3991 naturae
986 3925 1054 3990 tale
1077 3925 1266 4014 coniugium
1291 3929 1348 3997 ad-

188 4031 402 4116 ministretur,
425 4031 480 4098 sed
500 4054 601 4118 equus
625 4032 788 4098 interdum
813 4033 904 4099 ferox
923 4035 1081 4100 effrenato
1100 4057 1196 4100 cursu
1220 4035 1350 4107 feratur

187 4145 285 4227 atque
314 4161 474 4207 sessorem
505 4141 556 4206 vel
583 4141 703 4206 viritim
731 4142 960 4209 imbecillitate
993 4144 1045 4208 vel
1073 4144 1155 4208 artie
1185 4149 1349 4231 equcsuis

143 4333 152 4346 ⁶
187 4247 355 4336 imperitia
381 4247 504 4314 rictum
533 4271 643 4316 secum
672 4250 796 4334 rapiat,
830 4249 998 4318 iracundia
1030 4251 1144 4316 valens
1177 4255 1276 4340 atqm
1304 4255 1348 4322 ed

187 4377 310 4442 poenae
351 4355 537 4444 importune
582 4355 755 4425 sumendae
797 4359 896 4446 paulo
937 4359 1163 4426 vehementius
1201 4361 1348 4432 excitate
