2966 5012
621 325 935 447 &aa-

237 539 454 631 seripserunt,
484 546 519 609 at
546 542 705 609 edendum
733 543 797 608 fuit
819 543 870 632 τῷ
893 567 927 627 μ.
951 537 1024 610 adr.
1046 567 1075 610 ιι.
1097 566 1125 610 r.
1150 545 1196 618 λα
1221 563 1301 609 num
1331 563 1406 609 sen·

236 633 342 719 tentia
361 656 424 718 est:
443 649 502 717 ‘ita
522 651 568 734 fit,
587 655 624 716 ut
644 649 821 716 secundum
841 653 1030 718 continuum
1050 652 1142 718 illam
1162 651 1408 718 successionem

237 759 580 846 dispensationemque
595 759 846 845 rummqrrodque
861 759 1044 825 membrum
1060 759 1156 824 alteri
1172 761 1320 844 sequenti
1336 783 1407 824 rna-

236 867 356 960 teriam
379 873 554 952 praeparet
577 874 609 932 et
633 865 854 952 praecoquut’.
901 867 934 932 P.
954 867 1020 932 654
1044 873 1119 954 post
1143 867 1241 932 med:
1265 860 1408 932 Εὐκλεί-

237 973 299 1059 δης
331 969 381 1038 ἑνὶ
413 971 608 1060 θεωρήματι
645 975 690 1064 τῷ
728 971 849 1064 πρώτῳ
886 969 969 1040 κατὰ
1005 969 1043 1040 τὸ
1081 974 1151 1041 τῶν
1182 972 1408 1058 φαινομένων

236 1081 371 1166 βιβλίον
404 1077 546 1161 ἐπέδειξε
578 1079 641 1168 τὴν
674 1083 739 1167 γῆν
771 1081 878 1167 μέσον
910 1075 997 1147 εἶναι
1030 1082 1092 1148 τοῦ
1123 1077 1254 1166 κόσμον
1283 1119 1329 1130 -
1362 1075 1408 1166 ἣν

236 1184 324 1276 (lege
348 1181 381 1276 ὃ)
406 1190 442 1255 οἱ
462 1185 631 1274 μαθόντες
653 1185 741 1255 οὕτω
770 1186 965 1255 πιστεύουσι
993 1189 1039 1278 τῷ
1069 1185 1322 1274 σι’μπεριὶσματι
1347 1193 1408 1274 τῆς

238 1289 456 1378 ἀποδείξεως,
480 1291 525 1373 ὡς
548 1293 600 1360 καὶ
626 1293 667 1361 τὸ
692 1294 732 1362 τὰ
757 1295 809 1374 οἷς
833 1293 895 1362 driu
915 1294 1054 1382 τέτταρα
1072 1292 1175 1372 εἶναι,
1198 1320 1259 1363 nos
1279 1292 1325 1374 ὡς
1349 1295 1406 1362 καὶ

236 1403 286 1492 τῷ
310 1439 354 1450 -
378 1397 464 1468 εἶναι
489 1402 547 1490 (sc.
571 1401 779 1489 πιστεύουσι)
804 1405 1057 1470 emendarimus·

326 1509 439 1576 Aliam
459 1533 591 1576 causam
611 1513 819 1596 permutandi
838 1512 966 1578 litteras
983 1512 1133 1578 attulisse
1148 1511 1406 1579 similitudinem

236 1617 392 1683 ductuum
421 1641 521 1702 supra
549 1618 699 1683 diximus.
752 1619 882 1684 Partem
912 1624 1021 1714 antem
1057 1619 1174 1684 horum
1208 1621 1407 1686 mendarum

235 1727 303 1790 ium
326 1725 394 1790 illis
424 1725 627 1810 temporibus
657 1734 769 1792 nutum
800 1749 885 1797 esse,
914 1727 1032 1811 quibus
1061 1727 1183 1791 litteris
1216 1726 1407 1792 uncialibus

235 1833 286 1898 uti
314 1832 479 1916 solebant,
509 1837 605 1916 atque
634 1834 668 1898 in
698 1835 816 1899 aetatis
851 1835 1015 1899 inferioris
1050 1836 1247 1920 scripturum
1279 1835 1406 1900 miuus-

236 1939 343 2005 eulam
373 1939 506 2006 fluxisse
535 1939 629 2004 nuris
660 1941 784 2005 mendis
813 1963 879 2006 non
909 1965 982 2008 raro
1009 1942 1181 2007 adauctam
1210 1942 1406 2008 testimonio

236 2054 314 2112 sunt
336 2047 416 2112 haee
441 2047 605 2130 exempla:
629 2055 738 2131 Apro
760 2053 789 2111 Α
809 2049 886 2113 olim
908 2051 1066 2134 seriptum
1091 2053 1162 2114 erat
1184 2069 1215 2132 p.
1234 2049 1301 2112 416
1326 2055 1407 2114 ante

236 2155 334 2238 med,
358 2155 416 2220 ubi
441 2154 475 2220 M
499 2147 516 2219 ὁ
543 2154 628 2237 γοῦν
653 2151 732 2234 ὄρος
757 2145 855 2232 οὗτος
877 2155 983 2240 φησὶν
1007 2151 1024 2222 ὁ
1049 2157 1107 2240 τῆς
1135 2151 1216 2240 draps
1238 2151 1334 2241 (dtu,-
1360 2157 1406 2240 A)

235 2262 384 2348 praebet,
414 2263 499 2348 quud
528 2285 546 2325 a
577 2261 729 2326 Kuehnio
760 2263 845 2328 mule
873 2265 908 2329 in
936 2261 1032 2348 ἄσης,
1066 2287 1084 2328 ιι
1114 2264 1219 2329 Bakio
1249 2271 1336 2328 reete
1367 2265 1407 2330 in

235 2365 343 2454 λύπης
374 2375 538 2435 mutatum
573 2392 670 2453 supra
706 2365 750 2454 (p.
784 2369 841 2458 63)
875 2371 1137 2436 memoravimus.
1200 2375 1263 2434 ΑΛ
1296 2377 1329 2436 et
1362 2375 1413 2436 M

236 2482 511 2568 commutaturum
547 2477 724 2561 vestigium
757 2477 857 2542 refert
891 2477 916 2543 L
950 2503 980 2563 p.
1013 2479 1078 2542 512}
1118 2483 1213 2562 extr,
1251 2478 1307 2564 qni
1341 2502 1407 2564 pro

235 2577 333 2649 ἀλλὰ
362 2581 417 2649 καὶ
445 2581 520 2664 περὶ
549 2584 617 2648 τῶν
650 2584 762 2667 μερῶν
790 2584 923 2650 exhibet
956 2581 1035 2670 ἅμα
1063 2609 1091 2649 κ.
1119 2609 1145 2649 τ.
1174 2589 1202 2649 λ.
1254 2587 1285 2650 Γ
1311 2590 1344 2650 et
1377 2590 1413 2650 Τ

235 2692 315 2758 olim
344 2715 411 2758 non
440 2692 548 2756 minus
578 2713 676 2776 quam
711 2715 731 2772 μ
760 2699 791 2755 et
820 2715 837 2756 ι
869 2697 984 2776 postea
1016 2697 1204 2777 permutata
1235 2697 1311 2758 sunt
1341 2717 1406 2760 nee

236 2799 357 2884 solum,
385 2799 417 2864 id
447 2799 532 2884 quud
562 2797 754 2882 saepissime
781 2799 906 2866 fuctum
930 2805 1073 2882 constat,
1101 2801 1134 2864 in
1163 2799 1339 2866 Particulis
1365 2825 1407 2884 με

236 2909 269 2970 et
292 2929 342 2988 τε,
365 2905 450 2970 nnde
475 2927 535 2989 ege
559 2927 590 2988 p.
614 2905 680 2968 524
705 2913 780 2969 aute
806 2907 901 2988 med,
930 2907 986 2971 ubi
1011 2906 1076 2970 MA
1104 2903 1159 2972 καὶ
1188 2907 1279 2973 ἔοικέ
1298 2930 1338 2972 τε
1363 2905 1405 2974 τὸ

234 3007 298 3096 μὲν
326 3007 396 3076 ἄνω
426 3010 525 3096 μέρος
553 3006 643 3075 ἅπαν
672 3013 829 3078 traditum
852 3013 989 3096 habent,
1019 3013 1100 3078 Old<
1125 3019 1236 3078 autem
1259 3015 1340 3080 illud
1365 3039 1404 3081 τε

235 3118 437 3202 deleverunt,
471 3119 601 3182 restitui
632 3116 685 3182 ard
721 3119 810 3184 ἑοικέ
840 3143 876 3203 με
907 3117 961 3206 (ef.
990 3143 1087 3204 supra
1117 3145 1148 3205 p.
1176 3121 1248 3208 57),
1279 3121 1335 3186 sed
1368 3123 1406 3189 in

236 3224 311 3290 aliis
346 3225 446 3290 etiam
479 3226 627 3308 veribus,
665 3225 754 3290 velut
786 3249 859 3291 eum
889 3227 924 3293 in
955 3227 987 3292 M
1020 3251 1049 3312 p.
1083 3229 1149 3293 616
1179 3227 1255 3313 Post
1286 3229 1331 3294 in.
1362 3227 1404 3296 τὸ

236 3331 332 3415 σῶμα
359 3331 428 3415 τῆς
454 3327 561 3414 πυρὸς
589 3355 648 3416 pro
678 3335 747 3416 γῆς
774 3355 806 3398 π.
830 3334 987 3418 seriptum
1013 3343 1062 3399 est
1091 3341 1148 3400 aut
1171 3357 1202 3420 p.
1227 3337 1293 3402 752
1318 3339 1405 3406 med.

236 3434 319 3504 κατὰ
342 3437 456 3524 μέντοι
482 3435 518 3503 τὸ
543 3438 615 3520 :sepi
646 3434 778 3522 ιἰτμών
809 3465 867 3526 pro
893 3435 1028 3526 ἀγμῶν
1051 3436 1182 3528 ιμὲκμών
1206 3441 1249 3531 Α)
1279 3451 1338 3509 aut
1368 3447 1405 3512 in

235 3543 445 3632 Mnsssselm')
476 3569 505 3630 p.
535 3547 599 3610 6:33
629 3560 705 3630 past
734 3550 815 3613 med.
844 3555 877 3614 εἴ
902 3573 938 3632 γε
962 3545 1112 3614 (δυνατὸν
1143 3539 1183 3635 ἦν
1205 3563 1276 3628 τοῖς
1300 3553 1407 3632 ι’ὁιόις

236 3649 435 3736 παθήμασιν
459 3647 582 3736 αὐτῆς
605 3649 685 3718 ἄλλο
707 3679 734 3718 τι
758 3657 1052 3740 σοναλλοιωθῆναι
1074 3679 1133 3741 pro
1157 3681 1210 3737 en,
1234 3659 1321 3742 quod
1341 3684 1404 3726 nus

235 3759 453 3842 restituimus,
477 3755 650 3843 παθήμασι
677 3761 735 3844 τῆς
758 3757 882 3846 αὐγῆς
905 3762 959 3849 (ef.
984 3787 1081 3848 supra
1110 3788 1141 3849 p.
1165 3763 1232 3852 Ξῖ).
1281 3769 1320 3831 Η
1341 3791 1404 3853 pru

240 3869 288 3932 TI
310 3867 389 3932 nlim
409 3867 509 3950 positi
529 3867 676 3951 exemplu
698 3869 791 3952 plura
810 3871 1034 3954 inveniuntur,
1059 3873 1148 3937 reiut
1171 3873 1206 3940 in
1224 3872 1259 3938 M
1284 3895 1314 3958 p.
1335 3877 1405 3943 553

235 3976 313 4059 pust
350 3973 431 4036 med.
469 3965 553 4036 didi<
590 3973 697 4056 μένῃ
738 3975 795 4058 τῆς
832 3973 884 4040 aa
921 3977 983 4041 τοῦ
1014 3978 1306 4064 (διαπεπλασμένον
1341 4007 1404 4069 pra

235 4077 377 4166 μόνης,
399 4079 431 4144 in
447 4079 512 4144 Md
534 4103 563 4164 p.
581 4081 643 4144 itt·
660 4092 737 4144 extr.
757 4087 791 4146 τί
804 4071 867 4147 οὖν
882 4077 1023 4166 ιένὸριέσι
1044 4083 1153 4150 πάντα
1168 4087 1406 4177 προστάξομεν

235 4211 295 4274 pru
314 4175 330 4270 ἦ
347 4174 412 4250 οὖν
432 4209 459 4250 κ.
475 4211 501 4250 r.
516 4189 559 4250 λ..
584 4212 647 4272 ‹pn›
663 4189 702 4251 de
722 4189 793 4253 laen
814 4189 983 4256 Platonico
1003 4192 1037 4256 in
1056 4191 1169 4278 Ριομι.
1189 4193 1235 4278 11,
1257 4197 1298 4262 15
1319 4209 1404 4268 extr.

236 4291 485 4377 disputavimus.
526 4291 567 4358 t't
589 4297 624 4357 11
644 4304 675 4358 et
701 4299 761 4362 TI.
785 4299 830 4362 ita
861 4301 909 4361 TI
930 4307 962 4362 et
986 4303 1032 4382 11,
1060 4303 1091 4362 T
1109 4305 1141 4364 et
1162 4305 1198 4366 H
1218 4313 1405 4388 permutari

236 4399 401 4484 sulebuut;
430 4399 539 4482 itaque
567 4401 602 4466 iu
629 4401 656 4466 b
685 4425 715 4486 p.
744 4405 809 4468 459
838 4405 909 4470 init.
940 4413 974 4471 a*
1001 4429 1079 4471 ποτε
1112 4403 1166 4474 ἐπ’
1200 4405 1307 4498 αὐτήν
1337 4439 1403 4502 pro
