3014 5024
680 251 986 334 '‘-420-

283 427 365 496 κατίι
390 427 427 496 dt
449 425 510 496 τὸν
533 423 639 497 αὐτὸν
665 427 792 516 τρόπον
815 429 853 496 ἐν
880 432 1064 516 συμμετρίᾳ
1090 427 1204 514 μερῶν
1232 421 1440 510 ὑποθέμενος
1489 417 1490 432 ἢ

284 541 440 623 γίνεσθαι
470 564 508 606 το
535 535 672 616 κάλλος,
705 537 742 604 ίν
769 533 908 626 ἀμετρίᾳ
936 535 977 602 σε’
1001 561 1067 607 τινι
1099 531 1135 602 τὸ
1165 531 1280 620 αἶσχος
1305 530 1442 609 εἰκότως

285 641 405 731 ἀπορεῖ
435 643 625 728 ὁεικνύναι,
652 650 760 712 ποίων
792 643 855 731 μὲν
886 647 944 730 τῆς
977 645 1083 729 ψυχῆς
1113 644 1227 730 μερῶν
1256 645 1440 728 συμμετρία

284 750 405 832 κάλλος
437 753 521 831 ἐστί,
552 758 660 822 ποίων
692 751 728 819 dt
762 750 899 840 ἀμετρία
932 749 1055 839 αἶσχος.
1110 757 1218 818 καίτοι
1251 747 1375 836 γράφει
1408 773 1440 832 γε

257 860 402 948 δὲφεξης
424 851 473 928 ῶν
497 858 614 946 ὀλίγον
638 865 831 948 ἔμπροσθεν
858 857 963 928 αὐτοῦ
986 859 1184 946 παρεθέμην
1212 855 1345 943 ῥήσεων
1370 851 1442 922 aidi·

285 965 351 1038 ‘did
389 968 444 1036 καὶ
482 966 565 1053 κοιλίη
602 963 619 1055 ἦ
657 966 777 1056 αἰσχρὰ
815 967 902 1056 μυχίη
940 964 1111 1052 ἀνάλογον
1143 963 1327 1052 ῥηθήσεται
1363 961 1443 1030 κατὰ
1489 1045 1490 1048 ¹

246 1097 252 1110 ·
286 1077 504 1164 ’συμμετρίαν
526 1077 564 1143 τί
585 1078 736 1145 τινακαὶ
761 1073 991 1163 ἀσυμμετρίαν
1012 1072 1158 1142 τοιῶνδέ
1182 1098 1287 1140 τινων
1309 1071 1443 1158 μερῶν.”

285 1182 336 1252 ὅτι
372 1181 434 1272 μὲν
475 1175 540 1252 οὖν
578 1182 660 1252 κατὰ
696 1190 902 1270 συμμετρίαν
930 1185 976 1252 ’τί
1010 1209 1085 1251 τινα
1121 1181 1177 1250 καὶ
1214 1176 1445 1268 ἀσυμμετρίαν
1489 1195 1490 1224 t

218 1291 429 1365 tttrotaivde'
449 1317 553 1358 τινων
575 1295 688 1379 μερῶν
710 1294 768 1378 της
791 1295 897 1378 ψυχῆς
921 1285 941 1377 ἢ
964 1289 1071 1378 καλίην
1095 1285 1115 1376 ἢ
1140 1286 1286 1376 αἰσχρὰν
1310 1286 1315 1375 Ι
1336 1281 1445 1371 αὐτὴν

246 1419 271 1460 1⁰
286 1395 371 1468 εἶναι
405 1399 539 1466 λεκτέον
575 1399 641 1468 ἐστὶ
674 1401 736 1467 καί
767 1395 991 1485 ὑγιαίνουσαν
1021 1401 1076 1467 καὶ
1110 1399 1298 1475 νοσοῦσαν,
1330 1391 1446 1480 ὀρθῶς

286 1515 412 1594 είρηται
445 1509 490 1597 τῷ
525 1513 720 1598 Χρυσίππῳ·
757 1513 833 1574 τίνα
866 1507 907 1574 σε’
941 1508 1009 1575 ἐστι
1039 1509 1143 1574 ταῦτα
1173 1502 1214 1572 τὰ
1247 1506 1305 1590 της
1336 1505 1446 1588 ψυχῆς

284 1614 397 1702 μόρια,
420 1611 465 1701 μὴ
486 1613 674 1701 δυνάμενος
693 1618 809 1696 εἰπεῖν,
832 1611 878 1694 ῶς
896 1610 940 1681 ἆυ
958 1615 996 1682 ἐν
1014 1614 1064 1682 ε’νί
1087 1612 1182 1704 μόνῳ
1200 1614 1246 1702 τῷ
1266 1613 1445 1702 λογιστικῷ

284 1723 340 1790 καὶ
364 1720 427 1808 τὴν
453 1718 581 1808 ὑγίειαν
604 1719 707 1808 αὐτῆς
729 1721 784 1788 καὶ
811 1719 875 1808 την
902 1721 1007 1790 νόσον
1030 1718 1145 1788 καὶτὸ
1170 1718 1293 1798 κάλλος
1321 1717 1445 1785 καὶτὸ

286 1825 402 1918 αἶσχος
423 1829 611 1917 τιθέμενος,
635 1826 852 1914 ἀναγκάζεται
875 1829 1083 1916 περιπλέκειν
1106 1855 1141 1897 τε
1172 1826 1234 1896 τὸν
1262 1825 1371 1912 λόγου
1394 1827 1446 1894 καί

249 1957 274 1998 ¹⁵
288 1939 356 2006 τῶν
385 1938 561 2024 ἐνεργειῶν
589 1933 692 2022 αὐτῆς
718 1932 765 2015 ῶς
791 1939 903 2024 μερῶν
929 1933 1164 2025 μνημονεύειν.
1214 1935 1333 2020 ἐφεξῆς
1363 1938 1447 2020 γοῦν

287 2037 338 2126 οἷς
360 2045 555 2202 παρεθέμην
578 2041 641 2113 dot
665 2042 801 2131 γράφει·
827 2046 907 2112 Ἔστι
931 2047 971 2111 δι’
992 2069 1028 2133 γε
1051 2047 1110 2132 τῆς
1132 2045 1241 2130 ψυχῆς
1263 2043 1368 2130 μέρη,
1394 2041 1447 2110 dri

322 2193 559 2352 ληοοιιμετρία
571 2257 650 2316 codd.
671 2255 771 2326 αοελὴ
792 2259 1010 2315 delevimus·-
1035 2255 1164 2342 θὴρτο
1183 2279 1200 2328 η
1186 2252 1258 2314 Μ.
1284 2289 1317 2299 -
1344 2263 1362 2313 ἰ’
1384 2279 1446 2326 σομ-

287 2335 404 2406 μετρίαν
423 2315 724 2444 ίγ-ῶμετρίαντοιώνὸε
742 2331 829 2385 ll.-
849 2325 1003 2388 8verba
987 2353 1030 2386 οτι
1046 2321 1167 2402 μὲνοῦν
1176 2347 1275 2415 usque
1295 2330 1430 2459 αὲἅειρω
1417 2334 1446 2443 Z

286 2404 434 2548 idtio.
455 2400 680 2548 lttttttt
693 2398 868 2531 tittttt
881 2403 997 2544 fiai}
1015 2353 1226 2546 list'ttt‘f
1241 2403 1339 2530 fi*-

270 2717 426 2783 quarum
448 2693 594 2781 partium
613 2693 830 2777 aequabilitas
855 2694 980 2759 sanitas
999 2690 1102 2760 animi
1124 2693 1178 2776 sit,
1201 2715 1342 2779 quarum
1361 2695 1447 2761 inae

191 2801 197 2812 ‘
288 2803 466 2889 quabilitas
486 2803 628 2869 morbus.
669 2799 794 2866 Eodem
813 2800 910 2867 modo
933 2799 1210 2886 pulchritudinem
1233 2801 1270 2867 in
1294 2802 1447 2887 aequabi-

287 2909 383 2975 litate
406 2910 561 2994 partium,
584 2907 827 2974 deformitatem
847 2913 961 2975 eontra
984 2909 1020 2975 in
1038 2932 1150 2974 earum
1174 2908 1446 2994 inaequabilitate

289 3022 501 3101 componat,
529 3039 667 3102 quarum
691 3017 795 3091 animi
816 3015 960 3100 partium
985 3017 1201 3103 aequabilitas
1231 3016 1276 3080 sit
1304 3015 1446 3101 pulchri·

288 3122 377 3206 tudo,
400 3143 537 3208 quarum
556 3123 810 3208 inaequabilitas
829 3123 1031 3208 deformitate,
1053 3122 1224 3189 ostendere
1242 3146 1312 3190 non
1329 3129 1447 3208 potest

289 3229 392 3314 Atqui
423 3219 500 3313 post
532 3253 583 3316 ea,
616 3253 698 3316 quae
727 3253 827 3316 supra
858 3231 968 3317 attuli,
1001 3231 1102 3298 verba
1130 3233 1166 3298 in
1197 3229 1286 3298 huno
1314 3232 1445 3298 modum

290 3335 418 3401 scribit:
470 3335 574 3404 ‘Ideo
603 3339 764 3423 pulcher·
792 3341 828 3402 ot
857 3337 1044 3405 deformis
1074 3340 1224 3405 animus
1256 3339 1445 3406 similiter

229 3507 233 3514 ,
290 3463 333 3508 ex
371 3443 703 3530 (qualiumcunque
741 3447 913 3531 partium
956 3448 1016 3512 rel
1057 3447 1349 3534 aequabilitate
1388 3445 1444 3512 uel

290 3547 627 3634 inaequabilitate
659 3553 830 3619 dicetur!
877 3555 927 3622 Ex
956 3555 1192 3640 aequabilitate
1217 3555 1272 3634 ‚sel
1295 3556 1446 3640 inaequa-

293 3656 419 3720 bilitate
462 3657 732 3745 qualiumcunque
778 3664 922 3747 partium
959 3662 1131 3748 pulchrum
1169 3669 1226 3728 aut
1267 3663 1445 3728 deformem

290 3761 436 3828 animum
460 3767 494 3827 et
521 3787 635 3830 sanum
660 3772 717 3830 aut
744 3791 878 3854 aegrum
907 3770 1078 3837 dicendum
1102 3792 1173 3835 esse
1200 3775 1288 3835 reete
1317 3771 1445 3858 quidem

181 3887 183 3892 ’
291 3868 496 3956 Chrysippus
521 3871 691 3958 iudicavit3
719 3897 878 3958 quaenam
904 3883 1013 3944 autem
1041 3877 1103 3942 hae
1127 3881 1238 3962 partes
1263 3877 1344 3962 sint,
1370 3901 1446 3964 quo·

291 3978 380 4042 niam
405 3979 511 4043 elicere
535 3980 661 4063 nequit,
689 3981 809 4066 quippe
838 3985 952 4068 quiin
977 4007 1042 4050 una
1072 3986 1143 4052 sola
1170 3989 1266 4071 parte
1294 3985 1444 4052 rationali

285 4085 468 4172 ¹sanitatem
489 4089 521 4149 et
545 4087 705 4170 morbum,
729 4089 1005 4172 pulchritudinem
1024 4097 1057 4157 et
1080 4093 1326 4159 deformitatem
1348 4093 1444 4160 eollo·

292 4197 356 4276 oet,
387 4191 557 4278 implicare
591 4193 773 4260 orationem
808 4197 1055 4286 functionesque
1085 4201 1186 4266 animi
1214 4201 1309 4285 quasi
1337 4207 1443 4286 partes

292 4321 547 4364 eorumemorure
570 4301 707 4388 cogitur.
759 4302 946 4388 Sequuntur
969 4309 1056 4374 enim
1080 4330 1131 4393 ea,
1159 4330 1242 4394 quae
1271 4331 1369 4394 surpra
1391 4305 1443 4371 arl-
