3012 5010
579 335 829 402 -271-

161 490 314 581 εἐξάγαγ’
342 491 421 574 ε’ξ”
400 519 539 578 αντροιο
563 490 724 580 όιόμενον
747 495 946 562 θανεᾛεσθαι

161 599 227 682 ὣς
249 605 333 687 ἐφατ
337 597 410 669 ’ἐν
433 599 593 687 στηθεσσι
617 601 874 690 καθαπτόμενος
896 591 1042 688 φίλον
1024 600 1125 728 ητρρῖ

107 714 144 776 εί
175 706 221 795 μὴ
254 711 373 795 σαφῶς
405 709 443 776 ἐν
470 707 602 788 τούτοις
621 707 767 800 Ὀμηρος
799 711 999 796 ἐκδιηγεῖται
1028 707 1139 796 μάχην
1166 711 1284 796 θυμοῦ

107 813 204 901 πρὸς
221 813 387 903 λογισμὸν
406 817 444 883 ἐν
463 812 562 904 ἀνδρὶ
583 823 738 908 φρονίμῳ
758 817 811 884 καὶ
829 823 929 904 νίκην
948 815 1010 904 μὲν
1028 818 1091 885 τοῦ
1108 818 1284 904 λογισμοῦ,

106 927 182 992 τοῦ
204 927 321 1011 θυμοῦ
350 923 386 991 dt
412 920 607 993 εὐπείθειαν
633 923 717 1011 πρὸς
740 921 861 1008 αὐτόν,
890 921 969 993 οὐδὲ
998 922 1080 992 ἄλλο
1109 919 1213 992 οὐδὲν
1239 921 1311 992 dra

108 1058 168 1111 τις
204 1027 284 1118 ἡμῖν
316 1031 543 1119 συγχωρήσειε
579 1032 772 1122 μανθάνειν
807 1036 869 1101 τοῦ
906 1035 1057 1119 ποιητοῦ.
1118 1035 1187 1100 τῶν
1218 1031 1284 1119 γὰρ

109 1139 227 1218 οὕτως
260 1141 410 1227 ἐναργῶς
442 1142 635 1229 λεγομένων
667 1145 714 1219 είς
746 1139 955 1228 ἀμφιβολίαν
992 1137 1168 1228 ἀχθέντων
1204 1135 1285 1208 οὐδὲ

110 1262 192 1327 τοῖς
214 1245 330 1327 ἄλλοις
352 1243 396 1315 ἂν
425 1252 493 1336 ἔχοι
517 1275 567 1327 τις
591 1245 610 1316 ὅ
634 1275 663 1316 τι
688 1247 858 1336 χρήσαιτο.
903 1246 962 1329 τὰς
988 1246 1053 1335 γὰρ
1075 1251 1286 1334 θεραπαίνας

110 1354 382 1444 ἁμαρτανούσας
414 1352 507 1442 ὁρῶν
532 1353 709 1436 Ὀδυσσεὺς
743 1354 807 1425 ὑπὸ
835 1355 898 1444 μὲν
930 1359 992 1424 τοῦ
1018 1358 1135 1444 θυμοῦ
1166 1359 1287 1442 βιαίως

112 1469 246 1532 εἵλκετο
281 1461 365 1550 πρὸς
396 1462 459 1550 τὴν
490 1470 656 1552 τιμωρίαν
688 1461 820 1546 αὐτῶν,
857 1461 923 1532 ὑπὸ
957 1462 995 1531 δὲ
1025 1466 1088 1531 τοῦ
1119 1466 1284 1550 λογισμοῦ
1299 1487 1325 1526 ιο

116 1578 291 1658 κατείχετο
315 1569 379 1658 την
402 1568 561 1660 ἀκαιρίαν
585 1571 852 1652 ἐκδιδάσκοντος.
894 1571 963 1638 ἐπεὶ
987 1569 1023 1638 δέ
1049 1566 1110 1638 οόκ
1133 1566 1283 1659 ἠδύνατο

113 1683 247 1769 ῥᾳδίως
279 1685 413 1747 πείθειν
446 1677 463 1747 ό
498 1677 659 1767 λογισμὸς
690 1679 750 1748 τὸν
781 1677 898 1768 θυμὸν
929 1676 1190 1768 όναξβόλλεσθαι
1221 1677 1352 1766 abacos

115 1793 289 1874 τιμωρίαν
309 1790 357 1866 είς
376 1787 642 1874 ἐπιτηδειότερον
661 1787 793 1874 καιρόν,
817 1785 1049 1874 σφοδρότερον
1072 1783 1162 1879 αὐτῷ
1181 1805 1284 1876 προσ-

113 1897 275 1982 φέρεται,
318 1894 472 1982 καθάπερ
514 1899 618 1963 ἵππον
665 1893 893 1982 ἐκφερόμενον
934 1893 1071 1982 ἡνίοχος
1112 1891 1284 1964 ἀνασπῶν

114 2009 240 2090 βιαίως
262 2006 389 2096 ἰσχυρῷ
413 2005 554 2095 χαλινῷ,
582 2003 637 2070 καὶ
662 2001 704 2088 δίη
728 2004 783 2070 καὶ
806 2001 912 2071 ταῦτά
936 2023 1018 2089 φησι
1042 2001 1126 2090 πρὸς
1148 2002 1284 2072 ἑαυτόν·
1298 2025 1324 2065 ¹5

115 2113 285 2198 ‘napta'pa
313 2109 396 2179 κατὰ
424 2109 461 2179 τὸ
491 2109 617 2198 παρόν,
650 2101 676 2178 ὦ
709 2110 929 2198 γενναιοτάτη
958 2115 1095 2198 καρδία,
1129 2110 1283 2200 καθάπερ

116 2249 338 2260 ...ι-ψ

160 2303 350 2379 1ἐξαγτίγετ’
374 2302 599 2376 ἁντρσιοῐιπ-
623 2304 768 2396 *ὶέφαγί
793 2309 889 2364 71.-
914 2303 988 2365 rev
1012 2302 1117 2393 όνδρὶ
1120 2308 1142 2364 L
1169 2305 1202 2366 ἐν
1226 2326 1282 2366 om.

114 2379 302 2444 MABChK;
326 2379 652 2464 cr.rr011.p.ror-
676 2377 926 2437 'raramL-
952 2375 1162 2464 σουγχωρήσει
1182 2377 1284 2452 lupar·

113 2448 229 2508 θαίνειν
251 2421 386 2506 MLBCh
415 2448 623 2521 συγχωρήσειεν
648 2447 709 2522 ἐτιμ
734 2453 759 2508 K
783 2449 972 2540 συγχωρήσειε
1003 2448 1223 2540 μανθάνεινῐις
1247 2453 1283 2508 cf.

115 2523 207 2580 Pron.
230 2541 259 2594 p.
285 2529 385 2578 03.—
416 2529 431 2578 7
456 2524 641 2596 φαινομένων
650 2541 715 2608 pro
738 2523 1018 2610 λεγομένωνΙιμ-
1029 2523 1207 2612 λεχθέντων
1230 2541 1284 2608 pro

114 2592 373 2721 ἆχθέντιμγΙι.-
344 2590 569 2652 -ar'irrL—
534 2591 679 2666 8,ch
698 2613 753 2652 om
773 2597 856 2652 Ι.--
876 2591 1037 2666 θόρόνδ’
1052 2595 1084 2651 L.
1102 2603 1191 2651 -1c
1210 2615 1284 2665 προς

117 2686 216 2723 αοτον
292 2698 329 2708 -

215 2869 355 2952 durasti,
379 2889 417 2932 ex
442 2869 530 2933 antri
554 2867 656 2934 donec
678 2875 712 2934 te
734 2869 849 2935 limine
872 2869 1014 2956 prudens

215 2977 389 3042 consilium
413 2977 548 3062 eripuit,
573 2999 646 3042 cum
669 2979 736 3043 iam
761 2977 927 3044 interiisse
949 2981 1091 3063 putares.

215 3083 269 3149 Sic
292 3085 341 3148 ait
364 3084 417 3150 his
441 3107 497 3151 cor
520 3085 688 3172 castigans
713 3085 773 3150 sub
797 3089 929 3170 pectore
952 3083 1072 3151 dioris’

117 3191 185 3258 His
216 3191 364 3256 versibus
392 3192 458 3258 uisi
485 3193 644 3258 Homerus
672 3193 812 3259 rationis
841 3197 874 3257 et
901 3191 1089 3258 iracundiae
1117 3197 1284 3260 certamen

119 3301 157 3365 in
192 3300 261 3364 viro
295 3299 454 3384 prudente
488 3307 600 3385 aperte
634 3300 776 3386 explieat
809 3301 1011 3386 rationisque
1044 3300 1218 3366 victoriam
1251 3306 1284 3366 et

121 3408 262 3473 alterius
286 3407 539 3492 oboedientiam,
561 3408 647 3474 nihil
670 3409 819 3494 profecto
844 3408 932 3474 aliud
957 3407 1035 3493 erit,
1058 3408 1145 3493 quod
1167 3408 1241 3494 quis
1265 3429 1282 3472 e
1325 3469 1327 3472 ,

119 3520 222 3604 poeta
241 3516 337 3584 nobis
356 3517 480 3582 discere
495 3517 659 3583 concedat.
693 3517 778 3583 Nam
799 3517 826 3582 si
846 3521 915 3582 tam
935 3519 1049 3601 aperta
1068 3516 1103 3580 in
1121 3515 1282 3601 ambigui-

121 3629 227 3691 tatem
251 3623 441 3707 trahuntur,
470 3647 511 3689 ne
536 3624 610 3690 aliis
630 3625 760 3710 quidem
784 3625 947 3711 quomodo
974 3628 1087 3688 utatur
1110 3622 1282 3709 quisquam

119 3733 269 3800 habebit.
309 3731 476 3797 Nimirum
499 3733 627 3818 flagitia
652 3734 845 3799 aneillarmu
869 3732 981 3798 L'lires
1006 3731 1119 3796 ridens
1142 3753 1216 3796 cum
1239 3731 1282 3796 ab

120 3841 294 3910 iracundia
318 3840 358 3905 ad
388 3840 567 3923 prmiondas
598 3863 652 3906 eas
681 3841 842 3907 siolenter
864 3841 1064 3924 traheretur,
1094 3839 1181 3906 ratio
1209 3861 1282 3904 erun

120 3950 171 4016 rei
203 3948 455 4033 importunitate
488 3949 714 4015 demonstrata
747 3949 931 4015 cohibebat.
983 3947 1145 4024 Quoniam
1173 3951 1282 4012 antem

121 4079 164 4122 ea
185 4077 251 4122 non
274 4055 372 4122 facile
396 4061 526 4141 poterat
546 4040 748 4123 iracundiam
773 4079 962 4142 permovere
987 4055 1027 4119 ad
1045 4056 1223 4121 vindictam
1247 4055 1283 4122 in

120 4171 254 4250 ternpus
286 4165 394 4250 magis
434 4169 655 4250 opportunum
693 4165 919 4248 differendam,
952 4163 1176 4230 vehementius
1209 4185 1282 4229 eam

121 4272 275 4358 corripit,
314 4273 587 4358 quemadmodum
626 4295 745 4359 equum
783 4275 976 4338 ett'renatunr
1009 4292 1119 4338 sessor
1153 4271 1281 4338 validus
1330 4341 1333 4346 ,

120 4381 245 4448 iniecto
278 4381 371 4449 freno
400 4381 562 4448 violenter
584 4381 739 4466 retrahit,
771 4384 868 4466 atque
896 4379 976 4446 haee
1006 4403 1129 4446 seeum:
1170 4378 1282 4446 ‘dura'
