3014 5024
480 389 832 488 ss-ua-

112 587 156 648 γε
183 559 225 628 τὸ
249 563 472 648 προκείμενον
495 555 624 648 ἀπόχρη
647 557 685 629 τὸ
709 557 956 648 περαινόμενον
975 556 1288 654 ἀναμφισβητήτως,

112 668 175 740 ὅτι
205 665 253 757 μὴ
280 671 340 755 τῆς
368 664 471 756 αιἰτης
501 670 568 738 ἐστι
602 667 778 757 δυνάμεως
804 668 842 738 τό
877 696 912 737 τε
940 675 1132 758 λογίζεσθαι
1164 671 1220 740 καὶ
1248 669 1286 742 τὸ
1340 735 1348 753 ,

113 783 246 847 σιτίων
278 772 297 865 ἢ
329 779 442 845 ποτῶν
476 773 495 866 ἢ
528 775 741 866 ἀφροδισίων
774 779 968 865 ἐπιθυμεῖν,
1001 775 1082 868 ὅπερ
1114 777 1177 850 οὐκ
1209 777 1288 850 oidc

113 885 219 966 ὅπως
250 882 268 952 ὁ
297 883 495 974 Χρύσιππος
526 883 594 974 ἅμα
626 893 763 966 πολλοῖς
791 893 957 966 Στωϊκοῖς
989 882 1172 976 ripoinum*
1202 885 1287 958 ἀλλά

112 992 159 1064 τὸ
189 991 253 1082 μὲν
275 991 445 1082 ἀγνοῆσαί
463 1021 494 1062 τι
518 993 749 1082 συγγνωστόν,
772 991 816 1074 ὡς
838 995 894 1061 καὶ
917 992 1071 1082 πρόσθεν
1093 1001 1222 1084 ἔλεγον,
1245 993 1314 1068 οὐ5

114 1099 348 1190 στηηινωστόν
371 1101 409 1172 di
430 1099 468 1170 τὸ
492 1106 690 1192 πλημμελῶς
717 1100 804 1172 οὕτω
833 1109 1125 1192 μεταχειρίσασθαι
1148 1101 1211 1175 τὸν
1232 1103 1288 1176 λό-

114 1237 203 1298 γον,
225 1207 309 1280 ὥστε
332 1213 402 1280 τῶν
423 1211 486 1300 μὲν
509 1226 579 1292 τοῖς
601 1225 760 1298 κωμικοῖς
785 1207 803 1298 ἢ
830 1225 1002 1298 τραγικοῖς
1024 1227 1176 1300 ποιηταῖς
1198 1217 1288 1302 εἰρη-

115 1318 491 1408 μένωνμνημονεύειν
514 1324 561 1400 είς
587 1317 787 1406 τηλικούτου
815 1318 982 1406 ὀόγματος
1013 1315 1202 1407 ἀπόδειξιν,
1229 1316 1288 1390 ἀν-

115 1425 281 1515 θρώποις
304 1423 384 1497 οὐδὲ
408 1429 633 1517 ἐπιχειροῦσιν
657 1423 893 1496 ἀποδεικνύειν
917 1424 1036 1514 οὐδέν,
1059 1423 1143 1496 ἀλλὰ
1167 1426 1288 1518 μόνον,

118 1530 184 1606 οἷα
212 1529 256 1604 ἀν
283 1533 399 1616 αὐτοῖς
426 1535 507 1626 ὁόξη
535 1537 674 1624 πρέπειν
700 1539 745 1626 τῷ
779 1537 910 1623 λέγοντι
938 1535 1106 1630 προσοίπω
1136 1535 1220 1608 ιιιιτά
1247 1535 1285 1608 τὸ
1302 1553 1328 1594 ¹⁰

83 1662 90 1676 '
119 1647 251 1732 δρᾶμα,
274 1647 438 1733 κοσμοῦσι
462 1643 519 1713 dcci
543 1649 602 1732 τῆς
625 1643 811 1732 ἑρμηνείας,
836 1645 841 1732 Ι
861 1671 930 1714 των
951 1642 1032 1722 di‘
1014 1642 1080 1714 υπὸ
1104 1652 1153 1714 ΠΙ
1138 1643 1354 1726 tdrcrvoctdl
1417 1689 1423 1694 -

119 1753 370 1840 εἰρημένωνί
340 1778 387 1834 ες
413 1780 477 1840 την
504 1749 677 1834 ἀπόδειξιν
705 1747 812 1820 αὐτοῦ
838 1751 919 1840 μήτε
947 1756 1178 1842 μιημονεῦσαι
1204 1779 1287 1842 μητε

119 1858 298 1930 ἀπειπεῖν
316 1861 531 1950 ίπιχειρησαι,
554 1857 639 1929 ἀλλὰ
662 1860 732 1942 ἐξ
715 1867 851 1948 ετοίμου
872 1885 906 1930 τε
930 1861 985 1928 καὶ
1003 1867 1184 1950 προχείρου
1206 1870 1322 1951 λαμ

120 1967 259 2057 βάνειν,
287 1965 347 2054 ὥς,
376 1974 467 2039 ἔνθα
494 1964 539 2038 ἀν
569 1961 590 2059 ᾖ
618 1967 658 2038 τὰ
685 1967 780 2056 πάθη
808 1972 866 2056 τῆς
894 1973 1016 2058 ψυχῆς,
1045 1969 1195 2040 ἐνταῦθά
1218 1971 1287 2040 ίστι

120 2077 180 2146 καί
205 2075 243 2145 τὸ
268 2075 495 2166 λογιζόμενον.
535 2077 731 2164 Χρύσιππος
752 2075 815 2165 μὲν
839 2069 902 2145 οὖν
924 2073 976 2145 ἀεὶ
999 2081 1161 2158 τοιοῦτος.
1205 2075 1225 2148 ὁ
1250 2078 1287 2148 di
1302 2091 1328 2134 1⁵

123 2184 291 2272 Πλάτων,
319 2183 432 2274 ἐπειδὴ
466 2183 640 2273 ὸιοίρισται
674 2187 711 2255 ἐν
743 2187 783 2277 τη
814 2186 1093 2277 προμεμραμμένη
1125 2185 1220 2276 ρήσει
1247 2185 1285 2257 τὸ

57 2402 61 2408 -
166 2363 220 2423 1α’
221 2367 521 2452 μφισβητίτωςΜμ·
488 2365 615 2422 -ἵτῶ
635 2387 689 2452 μεν
706 2367 797 2422 M
763 2359 941 2456 -Βῆρτο
961 2365 1051 2430 ricla.
1070 2398 1103 2408 -
1123 2362 1287 2436 ἀνθρώπων

123 2435 198 2498 ccidi
221 2389 445 2509 ίπιχειρονντων
467 2439 549 2495 codd
574 2439 637 2494 edd
665 2433 832 2524 ἀνθρώποις
855 2435 924 2494 ccidi
950 2435 1142 2508 ἐπιχειροῦσιν
1160 2455 1225 2505 nos3
1244 2439 1286 2496 ’.σί

123 2513 257 2582 Proli.p
259 2517 403 2568 .126.-
428 2521 444 2567 9
463 2507 559 2581 μόνων
578 2503 619 2566 aiv
642 2529 693 2582 pro
716 2506 806 2598 privos
830 2507 990 2566 otaL.-
1016 2517 1048 2568 10
1067 2532 1104 2580 πρ
1107 2509 1170 2567 ἐπει
1189 2511 1226 2568 M.
1250 2541 1287 2554 -

125 2592 160 2644 11
182 2531 299 2670 δράμμα
318 2583 346 2638 M
365 2579 461 2652 δράμω
463 2533 622 2638 ‘lm-LAB
588 2579 826 2667 -ιιοσμοιίντων
845 2583 925 2638 codd.
940 2555 1003 2639 edd.
1023 2583 1157 2654 κοσμοῦσι
1176 2601 1236 2640 σοι.
1250 2611 1285 2626 -

126 2666 163 2714 16
182 2651 329 2725 διώρισται
347 2655 429 2712 codd.
448 2655 525 2724 cdd.;
544 2655 665 2711 sortasse
684 2650 815 2722 διώρισεν
834 2653 993 2725 legendum.
1014 2685 1046 2696 -

125 2841 170 2908 ad
204 2863 274 2906 rem
306 2837 388 2906 illud
423 2841 487 2922 est,
524 2839 610 2923 quod
643 2838 831 2905 conclusum
867 2805 992 2904 nullam
1030 2839 1287 2908 controversiam

124 2949 260 3035 recipit,
286 2970 352 3014 non
376 2947 520 3014 eiusdem
543 2945 712 3013 facultatis
736 2969 807 3012 csse
834 2945 1026 3012 ratiocinari
1054 2950 1088 3012 et
1115 2947 1205 3014 cibos
1234 2949 1287 3015 val

125 3058 281 3145 potiones
304 3057 356 3122 rel
385 3079 436 3122 res
460 3077 615 3122 venereas
639 3055 881 3141 concupiscere,
908 3055 942 3121 id
970 3056 1056 3142 quod
1080 3053 1285 3144 Chrysippus

125 3187 292 3234 unacum
315 3164 429 3232 multis
454 3163 575 3232 Stoicis
597 3163 708 3230 nescio
737 3186 800 3248 quo
824 3164 921 3231 modo
949 3165 1129 3254 ignorarit,
1152 3166 1223 3252 scd,
1244 3155 1287 3233 ‘nt
1334 3149 1335 3154 ἀ

127 3297 230 3359 snpra
248 3295 376 3359 quoque
394 3271 471 3356 dixi,
493 3272 580 3358 quod
599 3272 805 3358 ignoratione
825 3273 1015 3360 committit,
1037 3272 1285 3342 condonandum

127 3387 190 3469 est,
211 3385 247 3448 at
269 3379 351 3448 illud
373 3379 582 3446 nullomodo
607 3380 703 3446 venia
720 3379 865 3466 dignum,
888 3382 974 3467 quod
993 3380 1032 3448 in
1054 3404 1090 3448 re
1113 3383 1287 3450 tractanda

127 3491 210 3558 adeo
238 3493 368 3576 peccat,
398 3493 434 3554 ut
458 3489 497 3554 ad
525 3487 610 3552 tanti
639 3487 761 3553 dccrcti
785 3491 1068 3558 confirmationem
1096 3513 1135 3556 ea
1162 3493 1287 3577 afferat,

126 3621 212 3686 quae
236 3620 255 3662 a
275 3597 409 3664 comicis
428 3596 479 3662 vel
504 3597 641 3682 tragicis
661 3595 768 3680 poetis
792 3595 986 3683 dictasunt,
1008 3598 1209 3685 horninibus,
1230 3601 1286 3686 qni

126 3729 169 3775 ne
188 3711 350 3774 conantur
372 3705 502 3792 quidem
526 3705 703 3790 quidquam
721 3704 976 3774 demonstrando
996 3707 1145 3794 probare,
1168 3709 1224 3776 sed
1247 3731 1286 3774 ea
1386 3721 1389 3735 '

125 3821 273 3900 tantum,
304 3836 388 3902 qnae
421 3813 503 3898 ipsis
534 3813 708 3880 convenire
738 3835 896 3898 personae
929 3815 964 3882 in
994 3814 1110 3881 fabula
1139 3815 1287 3902 loquenti

126 3925 317 4009 videantur,
343 3925 462 3990 ornatu
485 3919 647 3988 orationis
671 3919 820 3988 adhibito
845 3923 1007 4008 explicare
1031 3921 1176 4008 student,
1202 3945 1286 4009 quae
1318 3925 1323 3935 “

126 4055 205 4099 vcro
237 4055 257 4097 a
288 4031 427 4098 Platone
461 4030 501 4096 ad
532 4029 630 4096 huius
659 4030 706 4096 rci
738 4029 1052 4100 demonstrationem
1085 4031 1173 4097 dicta
1200 4035 1286 4116 sunt,

125 4161 233 4227 neque
257 4143 491 4208 commemoret
513 4161 618 4226 nequo
641 4139 785 4206 refutare
805 4143 949 4223 conetur,
972 4139 1029 4206 sed
1051 4143 1220 4226 tamquam
1243 4141 1285 4206 ab

126 4247 281 4316 omnibus
304 4269 495 4314 concessum
522 4247 603 4314 illud
617 4252 761 4344 ¹prorntc
789 4251 911 4332 sumat,
939 4245 996 4312 ubi
1025 4247 1160 4314 affectus
1184 4248 1285 4314 animi

126 4358 203 4440 sint,
227 4355 350 4422 ibidem
372 4361 501 4440 partem
525 4356 775 4423 ratiocinantem
799 4379 879 4422 esse.
925 4352 1130 4442 Chrysippus
1153 4355 1285 4442 quidem

28 4503 33 4510 ν
127 4485 258 4552 semper
288 4462 367 4530 talis
400 4467 459 4530 est,
515 4464 560 4530 At
592 4463 688 4530 Plato
720 4463 778 4530 ubi
811 4463 846 4531 in
878 4463 1027 4532 oratione
1056 4485 1156 4550 supra
1182 4462 1286 4530 allata
