3012 5010
593 297 880 401 -’-τ;>»ι---Ι

130 521 234 582 μενον
267 497 405 583 πρᾶγμα
437 498 508 562 τῶν
542 495 810 582 ίπιστημονικών
838 491 924 565 εἶναι
953 495 1151 586 λημμάτων,Ι
1184 493 1225 566 τίι
1257 495 1295 567 δὲ

131 601 214 670 ἄλλα
243 601 423 690 σύμπαντα
450 603 490 672 τίι
519 601 581 691 μέν
610 603 815 674 διαλεκτικά.
844 603 884 673 τίι
914 604 950 674 δὲ
974 602 1039 674 ἀπὸ
1070 609 1139 675 τῶν
1167 607 1296 688 ἔξωθεν

131 705 316 799 μαρτύρων
340 708 516 799 ῥητορικά,
543 709 584 778 τὰ
609 709 645 778 δὲ
674 708 883 800 ὁμωνυμίιας
910 714 999 781 τισίν
1022 709 1044 802 ἢ
1070 729 1141 794 τοῖς
1162 717 1222 802 τῆς
1243 716 1295 783 λέ-

132 819 211 898 ξεως
235 817 381 906 σχήμασι
410 821 714 906 πεπανουργημένα
743 821 931 908 σοφιστικιί.
976 821 1016 889 τὰ
1044 821 1107 909 μέν
1134 815 1199 892 οὖν
1227 823 1296 892 ἐπι-

132 924 319 1014 στημονικδ
347 923 428 994 καθ’
460 928 601 995 ἕκαστον
633 931 769 1016 πρᾶγμα
796 928 1010 997 παντάπασιν
1043 927 1141 1018 ὀλίγα
1172 957 1207 999 τε
1238 933 1329 1000 καὶτ

132 1031 345 1124 ιύαρίθμητοί
369 1037 454 1120 ἐστι,
477 1033 517 1103 τὰ
541 1035 577 1102 di
602 1034 811 1123 γυμναστικίι
834 1036 1024 1126 πάμπολλα·
1047 1035 1127 1105 καθ’
1154 1037 1300 1108 ἕκαστον

132 1141 194 1231 γὰρ
233 1145 303 1212 τῶν
335 1140 559 1233 ὑπαρχόντων
591 1169 625 1211 τε
663 1143 719 1212 καὶ
751 1143 1012 1234 συμβαινόντων
1048 1150 1093 1237 τῷ
1125 1144 1294 1235 πράγματι

131 1257 339 1320 συνίσταται.
383 1251 445 1320 τὸν
468 1253 554 1338 γοῦν
577 1247 642 1320 ἀπὸ
668 1255 866 1341 τῆςφωνῆς
890 1253 1108 1342 έρωττίμενον
1130 1253 1235 1342 λόγον
1258 1257 1295 1324 ἐκ

130 1362 188 1447 τῆς
211 1361 340 1440 θέσεως
363 1357 565 1448 ὁρμώμενον
593 1359 755 1442 ἐπέδειξα·
785 1359 873 1429 οὕτω
902 1362 939 1430 δὲ
967 1361 1023 1430 καὶ
1051 1363 1112 1430 τὸν
1143 1359 1208 1432 ἀπὸ
1235 1366 1295 1452 τῆς

130 1471 290 1556 είσπνοῆς
315 1495 351 1536 τε
379 1467 434 1536 καὶ
459 1468 612 1555 ἐκπνοῆς·
642 1465 801 1548 ὡσαύτως
829 1468 865 1538 δὲ
890 1475 1008 1557 ἔχοντα
1034 1473 1038 1558 Ι
1059 1467 1212 1560 εὑρήσεις
1238 1473 1362 1548 euim

130 1573 191 1643 τὸν
219 1573 286 1645 dud
314 1579 373 1664 τῆς
401 1577 440 1644 έν
466 1589 539 1656 ταῖς
572 1575 693 1656 λύπαις
726 1575 858 1664 δήξεως.
909 1579 1058 1665 ἐναργῶς
1089 1579 1153 1667 μέν
1179 1579 1243 1668 γὰρ
1272 1578 1332 1668 ἡιι

132 1686 226 1771 δῆξίς
245 1686 337 1753 έστιν
356 1687 393 1754 έν
411 1687 456 1776 τῷ
476 1684 615 1772 στόματι
634 1688 693 1772 τῆς
716 1683 869 1772 γαστρός,
894 1689 930 1754 οί
946 1685 982 1754 δὲ
1003 1691 1050 1766 είς
1067 1683 1132 1775 τὴν
1149 1691 1294 1775 καρδίαν

131 1787 365 1881 ἀναφέρουσιν
402 1789 517 1880 αὐτήν.
573 1797 604 1861 εί
636 1791 698 1880 μὲν
737 1783 816 1878 οὖν,
849 1791 900 1861 ὅτι
937 1800 1082 1880 πλησίον
1114 1792 1134 1882 ἡ
1171 1799 1292 1884 καρδία
1359 1869 1366 1883 ‚

131 1898 282 1968 τέτακται
315 1903 361 1992 τῷ
394 1898 533 1989 στόματι
566 1903 625 1988 τῆς
661 1898 819 1986 γαστρός,
853 1900 910 1969 διὰ
942 1905 1041 1970 τοῦτο
1071 1899 1135 1971 ἀπὸ
1165 1904 1294 1992 έκείνης

132 2003 295 2094 ἄρχεσθαι
320 2015 495 2097 νομίζουσι
518 2008 555 2078 τὸ
582 2007 707 2090 πάθος,
731 2005 796 2076 ἀπὸ
820 2012 879 2096 τῆς
902 2011 1029 2090 θέσεως
1053 2011 1291 2099 ἐπιχειροῦσιν·
1307 2034 1334 2074 rs

132 2118 163 2181 εί
185 2115 222 2183 δὲ
246 2111 354 2204 αὐτὴν
378 2115 485 2197 ὅντως
508 2115 717 2204 οἴονταιτὴν
741 2121 885 2204 καρδίαν
909 2117 1111 2200 δάκνεσθαι,
1134 2118 1293 2208 πάμπολυ
1324 2149 1326 2156 ·

167 2321 183 2369 2
203 2309 355 2404 σύμπαντα
369 2310 534 2370 διαλεκτικοὶ
550 2315 631 2404 σρδδ.
645 2315 709 2400 edd.
729 2335 752 2370 σ.
772 2310 806 2370 τίι
827 2315 880 2386 μέν
899 2318 925 2371 δ,
944 2332 1012 2384 ποις
1031 2316 1065 2372 oi.
1081 2317 1167 2373 Pron.
1187 2336 1214 2389 ρ,
1233 2325 1291 2375 127.

133 2417 166 2428 -
194 2395 210 2443 3
236 2390 408 2458 ομοννμιάις
435 2387 471 2444 Μ.
496 2419 530 2430 -
559 2409 577 2458 η
601 2407 645 2443 τοι
668 2408 719 2456 της
741 2389 773 2443 L.
796 2419 831 2430 -
860 2397 876 2442 4
901 2388 1177 2461 πεπανουργιυμένοι
1200 2389 1232 2447 L.
1257 2423 1290 2432 —

134 2465 165 2513 11
189 2461 343 2522 λοιπαίςΙι
366 2464 469 2524 λυπαίς
491 2460 560 2516 MA.
581 2491 615 2500 -
638 2462 754 2525 δείξεως
773 2461 804 2514 L.
831 2491 866 2500 —
890 2456 1012 2532 ἐναργὴς
1036 2462 1067 2516 L.
1092 2494 1125 2502 —
1151 2469 1184 2517 12
1203 2463 1292 2529 δεῖξις

133 2529 165 2586 L.
183 2563 217 2573 —
244 2539 277 2587 13
296 2529 327 2586 οί
341 2530 400 2658 μὲν
424 2563 458 2574 -
483 2531 509 2587 οἳ
528 2527 558 2588 δ’
579 2532 640 2602 (sic)
665 2532 765 2588 ABCh
793 2531 820 2586 οἳ
839 2531 892 2603 μὲν
912 2563 946 2574 —
970 2533 997 2588 οἳ
1016 2528 1045 2588 δ’
1065 2533 1091 2588 Κ
1115 2534 1143 2590 εί
1161 2533 1215 2604 μὲν
1233 2535 1291 2591 LM

133 2633 166 2642 -
184 2601 214 2659 οί
230 2599 260 2658 δ’
276 2605 305 2658 M
325 2623 336 2659 ε
365 2598 395 2660 δ’
412 2604 434 2658 L
455 2603 483 2660 εί
499 2602 553 2676 μὲν
568 2636 602 2645 -
622 2602 651 2659 εἰ
663 2603 694 2659 δὲ
716 2621 778 2672 σοις
799 2605 833 2660 cf.
848 2604 935 2662 Proll.
949 2623 977 2675 p.
993 2610 1035 2661 62,
1056 2637 1089 2645 -
1112 2612 1144 2662 16
1159 2603 1252 2662 οἷόντε
1268 2607 1289 2662 L

134 2677 242 2730 οἴονται
261 2675 329 2732 MA.
349 2705 384 2718 -·

133 2877 169 2941 de
197 2901 262 2964 qua
289 2877 439 2962 quaestio
468 2881 566 2964 esset,
589 2881 793 2963 peterentur,
822 2879 920 2962 primi
945 2879 1073 2966 generis
1099 2902 1183 2965 esse,
1207 2879 1289 2946 alias

133 3009 242 3051 omnes
267 2987 389 3071 pardim
413 2986 616 3069 dialecticae,
644 2985 780 3070 partim,
811 2987 839 3050 si
868 2987 998 3072 quidem
1023 3010 1061 3052 ex
1088 2987 1290 3054 testimoniis

132 3095 331 3161 extrinsecus
363 3095 477 3180 petitis
511 3097 713 3178 constarent,
746 3094 921 3178 oratorias3
959 3117 1042 3180 quae
1077 3095 1289 3182 homonymis

131 3203 324 3286 quibusdam
345 3203 396 3268 uel
420 3201 547 3268 dicendi
571 3203 686 3287 figuris
706 3201 822 3266 eallide
842 3201 882 3266 ad
906 3202 1056 3268 fraudem
1076 3203 1289 3270 concinnatae

132 3317 252 3396 essent,
286 3309 484 3397 sophisticas
517 3332 597 3375 esse.
652 3309 831 3395 lileguuies
865 3311 995 3394 quidem
1028 3311 1063 3376 in
1095 3333 1222 3398 quaque
1254 3335 1289 3377 re

131 3419 304 3486 admodum
328 3441 453 3505 paucae
478 3423 554 3484 sunt
573 3421 606 3483 ei
628 3419 795 3484 numerari
819 3417 915 3483 facile
935 3424 1082 3504 possunt,
1106 3420 1289 3506 gymnasti-

130 3551 183 3592 eae
212 3531 324 3594 autem
351 3551 450 3614 quam
479 3527 655 3613 plurimae,
682 3527 803 3612 quippe
827 3549 909 3612 (puae
946 3526 987 3591 ab
1012 3527 1178 3612 omuibuS‚
1205 3549 1287 3614 quae

128 3637 173 3702 rei
192 3637 307 3702 insunt
326 3641 358 3702 et
378 3637 537 3720 accidunt,
561 3637 723 3721 petantur.
766 3635 855 3699 Talis
875 3633 938 3699 fuir
962 3635 1021 3700 illa
1041 3657 1060 3700 a
1079 3657 1158 3701 voce
1178 3639 1288 3701 sumta

127 3743 359 3832 inierrogaiio,
396 3767 494 3830 quoru
528 3767 548 3808 a
580 3743 744 3828 positione
783 3743 946 3827 proficisci
981 3743 1288 3828 demonstravimus,

127 3854 204 3919 talis
228 3877 277 3938 ea,
302 3875 383 3940 quae
408 3853 450 3916 ab
475 3851 690 3936 inspiratione
716 3855 747 3914 et
767 3851 988 3935 exspiratione
1012 3856 1120 3916 sumta
1146 3856 1205 3936 esi,
1227 3875 1288 3918 neo

128 3961 321 4028 dissimilem
340 3959 482 4044 reperies
507 3982 588 4044 earu,
613 3981 695 4046 quae
716 3981 736 4022 a
756 3981 875 4042 morsu,
899 3959 1007 4046 quiin
1027 3959 1287 4047 aegritudinibus

128 4071 259 4154 aedidit,
287 4068 514 4155 proficiscitur.
570 4067 632 4144 Qui
665 4090 737 4132 euru
772 4067 937 4132 euidenter
964 4068 999 4132 in
1027 4089 1083 4134 ore
1115 4067 1288 4132 uentriculi

128 4179 297 4265 gignatur,
321 4177 377 4242 isti
401 4177 442 4242 ad
466 4197 523 4242 eor·
545 4176 699 4240 referunt.
745 4173 878 4260 Quodsi,
902 4176 979 4260 quia
998 4177 1088 4240 iuxta
1112 4175 1286 4241 ventriculi

129 4307 163 4350 os
186 4287 285 4351 eitum
311 4285 355 4350 sii
378 4307 448 4368 eor,
470 4284 544 4350 ideo
568 4305 606 4348 ex
631 4283 693 4348 hoo
718 4283 797 4348 oriri
821 4285 975 4349 affectum
998 4289 1131 4368 putant,
1155 4307 1174 4348 a
1198 4285 1285 4368 posi-

128 4394 214 4461 tione
248 4397 534 4481 u1·g'umeniandur;
570 4393 621 4456 siu
655 4413 710 4457 eor
741 4391 850 4477 ipsum
879 4414 914 4456 re
947 4415 1024 4458 vera
1056 4415 1168 4458 morsu
1197 4391 1284 4458 affici
