2994 5024
207 471 277 538 τῶν
314 471 449 536 οίκείων
481 461 661 552 δογμάτων
701 454 783 547 αἷμά
820 479 927 546 φησιν
963 456 1050 528 εἶναι
1078 485 1141 549 την
1170 459 1300 550 ψυχήν,
1332 455 1377 542 ὡς

206 574 432 663 Ἐμπεδοκλῆς
453 573 506 642 καί
534 577 674 660 Κριτίας
699 567 878 656 ὑπέλαβον.
923 573 955 637 εί
982 569 1022 637 δέ
1046 595 1083 656 γε
1107 571 1222 640 ἕποιτο
1247 568 1378 640 Κλεάν·

209 693 265 752 θει
297 682 353 751 καὶ
381 687 566 770 Χρυσίππῳ
603 679 659 746 καὶ
698 677 832 764 Ζήνωνι
865 679 1049 765 τρέφεσθαι
1077 677 1141 766 μέν
1169 680 1203 760 ἐξ
1236 683 1379 768 αἵματος

210 790 356 880 φήσαντι
380 788 443 878 tipo
466 787 595 876 ψυχήν,
624 784 747 856 οὐσίαν
775 784 811 854 δὲ
841 781 944 872 αὐτῆς
973 783 1137 874 ὑπάρχειν
1165 785 1203 854 τὸ
1231 791 1378 876 πνεῦμα,

184 902 281 980 ιπῶς
303 903 351 967 ἔτι
375 893 501 966 ταίντὸν
524 900 615 964 ἔσται
639 893 676 964 τὸ
700 895 828 983 τρέφον
851 919 885 962 τε
909 895 964 961 καὶ
988 898 1123 980 κινοῦν,
1146 904 1239 984 εἰπερ
1262 899 1379 984 τρέφει

210 1004 273 1094 μέν
304 1003 343 1074 τό
372 1001 471 1093 αἷμα,
504 1018 593 1073 κινει·
619 1002 655 1071 δὲ
690 1001 726 1072 τὸ
756 995 903 1090 πνεόμας
935 1000 1019 1070 ιόστε
1052 999 1137 1091 πρός
1164 1020 1235 1086 τοῖς
1263 1003 1381 1085 ἄλλοις

211 1111 350 1194 ἀτόποις
371 1113 426 1180 καί
451 1109 638 1201 άπέραντός
661 1113 753 1180 έοτιν
777 1107 794 1178 ό
819 1114 880 1180 τοτ’·
906 1112 1094 1198 Διογένους
1117 1111 1227 1198 λόγος.
1270 1109 1288 1182 ό
1315 1113 1380 1202 γὰρ

211 1221 361 1310 ἐπιφέρει
389 1236 460 1302 τοῖς
487 1219 681 1290 ὑποτεθείσι
713 1217 900 1307 λη’μμασιν,
929 1215 992 1288 οόιι
1020 1221 1053 1302 έξ
1080 1217 1229 1308 άνάγκης
1257 1221 1381 1290 ἕπεται.

213 1327 427 1418 δειχθήσεται
453 1329 489 1398 δέ
514 1330 566 1397 έπλ
590 1329 693 1397 πλεόν
717 1325 801 1412 ὑπὲρ
829 1323 935 1394 ‹uiros-
959 1325 1016 1396 διὰ
1039 1331 1109 1396 τῶν
1132 1329 1206 1416 έξης
1230 1325 1381 1416 ὑπομνη·

174 1464 199 1504 ιο
213 1434 339 1525 μάτων.
393 1437 432 1504 έν
469 1436 532 1525 μέν
565 1433 629 1526 γὰρ
662 1439 707 1528 τῷ
747 1434 886 1522 παρόντι
923 1441 1012 1504 δοκῶ
1044 1465 1100 1526 μοι
1136 1433 1258 1524 καιρόν
1292 1433 1380 1504 εἶναι

212 1543 420 1614 καταπαύειν
443 1547 593 1614 ἐνταῦθα
616 1543 654 1613 τὸ
679 1549 822 1632 βιβλίον.
870 1541 1100 1633 ὑποσχόμενος
1122 1541 1187 1632 γάρ
1210 1546 1287 1632 περὶ
1312 1547 1381 1615 τῶν
1434 1559 1439 1568 “

213 1654 363 1742 ἐναργῶς
385 1655 604 1742 φαινομένων
628 1649 790 1740 ὑπάρχειν
813 1656 852 1742 τίη
872 1657 994 1742 καρδίᾳ
1018 1651 1079 1722 τὸν
1102 1652 1206 1740 λόγον
1230 1653 1270 1720 έν
1293 1655 1380 1744 τῷδε

147 1763 259 1853 ‘284193
292 1760 460 1851 γράμματι
488 1761 696 1850 ποιήσασθαι
735 1762 739 1849 Ι
775 1767 809 1829 τί
839 1755 883 1829 civ
912 1765 958 1829 ἔτι
992 1765 1133 1850 δεοίμην
1168 1759 1377 1847 ἐφάπτεσθαι

215 1869 381 1939 τοιούτων
405 1869 684 1959 ἐπιχειρημάτων,
708 1861 758 1938 ὧν
781 1867 932 1958 δόγματα
955 1872 1100 1956 μᾶλλον,
1128 1866 1170 1938 οὐ
1196 1869 1234 1937 τὸ
1259 1867 1381 1958 φαινό-

174 2003 199 2044 ιι
213 2003 319 2066 μενον
341 1979 377 2046 έκ
399 1982 459 2066 τῆς
481 1975 651 2066 ἀνατομῆς
676 1975 694 2066 ἡ
718 1975 802 2066 άρχὴ
827 1981 886 2064 τῆς
909 1975 1100 2058 συστάσεως
1124 1978 1231 2058 ἐστιν;

254 2206 267 2254 l
293 2193 383 2261 ιδς-
408 2191 579 2283 ὑπέλαβον
574 2212 628 2251 οιιι,
648 2195 705 2250 FP.
727 2225 759 2235 —
784 2189 951 2279 ι’κλεάνδη
969 2195 1067 2252 M.—
1096 2201 1111 2249 4
1136 2213 1250 2264 φιοαντ
1275 2191 1329 2278 την
1352 2195 1379 2249 M

216 2288 362 2356 φηοοιντος
384 2265 438 2338 τὴν
462 2269 513 2324 ΑΒ
537 2263 661 2337 φήσαιτο
685 2267 733 2322 καί
760 2263 813 2335 την
838 2267 857 2320 F
882 2263 989 2344 φήσας
1000 2267 1072 2322 Chii
1098 2263 1247 2334 φήσαντός
1272 2267 1334 2331 (sic)
1360 2267 1381 2322 P

217 2359 342 2430 φητμντι
368 2357 484 2426 pou.-
509 2347 525 2395 ὁ
550 2339 703 2408 τρέφονται
730 2339 779 2394 καὶ
803 2337 841 2394 δί
863 2370 895 2380 -
923 2347 953 2394 11
975 2335 1032 2394 οπό
1057 2340 1113 2393 τῶν
1138 2334 1266 2409 ἐναργῶς
1290 2341 1321 2396 L.
1348 2369 1380 2380 -

219 2409 281 2471 12
266 2407 456 2484 νπαρχόντων
476 2413 560 2470 L-
583 2419 616 2466 ta'»
635 2433 686 2480 της
703 2417 769 2466 onte
789 2406 949 2474 συστάσεως
967 2429 1022 2468 oin.
1042 2411 1073 2466 L

284 2485 422 2576 Γαληνοῦ
446 2483 511 2552 περὶ
535 2483 591 2539 τῶν
608 2481 807 2570 ίπποκράτοος
826 2485 874 2537 καὶ
898 2479 1044 2547 πλάτανος
1066 2478 1216 2554 δογμάτων
1244 2479 1381 2554 δεότεροτ

218 2557 240 2614 L
259 2556 339 2622 τελος
356 2555 407 2613 τοῦ
427 2555 564 2625 δειτέροο
582 2551 669 2626 λόγον
689 2555 814 2626 γαληνοῦ
834 2555 870 2610 M.
892 2587 925 2596 —

217 2741 448 2832 pugnabimus.
490 2737 702 2808 Contrarium
722 2739 808 2806 enim
832 2741 929 2826 plane
944 2762 988 2805 ex
1006 2739 1069 2824 his,
1091 2763 1175 2827 qnae
1197 2743 1382 2828 proposuit,

221 2851 307 2918 effici
330 2850 532 2934 dicemuS,·o
557 2849 715 2936 sanguine
739 2848 869 2934 quidem
894 2847 1195 2916 concedentes***.
1241 2849 1287 2916 Et
1310 2850 1381 2938 ipse

226 2981 359 3026 suornm
379 2959 582 3025 decretorum
603 2958 725 3024 oblitus
740 2956 933 3042 sanguinem
948 2959 995 3023 ait
1009 2981 1081 3024 esse
1100 2959 1254 3042 unimam,
1271 2982 1382 3046 quem·

226 3067 401 3135 admodum
424 3067 618 3152 Empedocli
642 3070 674 3131 et
699 3064 820 3131 Critiae
848 3067 983 3151 placuit.
1029 3065 1063 3133 Si
1087 3090 1165 3133 uero
1188 3065 1382 3134 Cleanthem

223 3181 257 3242 et
270 3175 494 3262 Chrysippum
510 3174 658 3260 sequitur
672 3179 704 3238 et
719 3174 893 3258 Zenonem,
912 3176 966 3260 qni
983 3175 1027 3241 oli
1042 3176 1173 3261 quidem
1189 3199 1205 3241 e
1220 3179 1381 3265 sanguino

221 3287 375 3370 animam,
399 3284 621 3350 substantium
647 3290 757 3348 nutem
781 3283 851 3347 eius
876 3307 946 3348 esso
970 3282 1124 3369 spiiitnm
1149 3284 1303 3370 affirmat,
1326 3287 1381 3371 qni

221 3394 293 3460 fieri
316 3393 449 3478 poterit,
472 3397 507 3456 nt
533 3397 565 3456 et
588 3392 678 3458 olens
703 3397 736 3456 et
760 3413 894 3456 movens
918 3392 1005 3457 idem
1025 3392 1078 3476 sit,
1101 3393 1129 3458 si
1153 3393 1284 3479 quidem
1309 3417 1380 3458 son·

221 3502 296 3590 guis
315 3501 386 3585 ulit,
404 3501 539 3586 spiritu>
559 3510 692 3566 movet?
730 3507 836 3576 Quare
856 3501 941 3566 ratio
959 3499 1129 3588 Diogenis.
1152 3507 1380 3588 praeterquam

221 3609 309 3698 quod
332 3609 437 3676 multa
465 3607 608 3674 absurdo
634 3607 751 3690 habet,
779 3607 862 3672 nihil
893 3609 1003 3674 officit.
1054 3609 1147 3687 Quod
1170 3610 1258 3675 enim
1281 3609 1381 3676 infert

221 3717 339 3804 positis
374 3717 608 3798 suffitionibus,
642 3716 674 3782 id
711 3716 835 3782 nullum
873 3718 1114 3784 consecutionis
1150 3718 1381 3784 necessitatem

221 3825 331 3892 habet
378 3823 501 3890 Verum
531 3825 592 3890 huc
617 3823 656 3889 ‹u›
685 3847 720 3888 re
749 3825 783 3889 in
807 3825 965 3909 proximis
988 3825 1083 3890 libris
1111 3825 1217 3892 fusius
1245 3825 1380 3892 diosere-

222 3955 305 4000 ιαιιο.
349 3930 445 3998 Nune
470 3933 543 3998 tinis
566 3932 642 3998 huic
667 3932 752 3998 libro
777 3933 993 4018 imponendus
1018 3934 1154 3999 videtur.
1190 3934 1279 4001 Nom
1302 3957 1379 4023 qno

222 4041 312 4106 niam
337 4040 548 4126 promisimus
572 4063 632 4108 nos
657 4040 718 4106 hoe
743 4041 828 4107 libro
852 4041 891 4106 ‹le
914 4043 970 4126 iis,
994 4063 1076 4127 quoe
1100 4043 1133 4108 iu
1158 4043 1254 4108 eorde
1278 4045 1380 4112 moni·

225 4149 308 4214 testo
337 4155 511 4234 apparent,
540 4149 638 4214 verbu
663 4151 823 4227 ino-turos,
849 4149 926 4236 qnid
951 4149 1091 4236 amplius
1116 4173 1199 4236 opus¹
1224 4155 1274 4216 est
1297 4159 1381 4219 tuac·

225 4263 295 4322 ture
324 4279 379 4323 eoo
406 4258 721 4343 argumentationeS,
754 4280 837 4344 quoe
866 4283 882 4322 e
916 4257 1054 4324 decretis
1083 4257 1190 4346 inagis
1217 4281 1315 4346 qutun
1343 4283 1381 4328 ex

225 4363 276 4450 iis,
298 4387 381 4450 quoe
405 4387 421 4429 e
445 4363 594 4430 ‹lisseetis
619 4365 815 4430 animalibus
839 4375 1010 4452 opponent,
1033 4367 1232 4432 constitutae
1256 4369 1355 4434 suut?

749 4531 825 4540 ----
850 4533 873 4540 .-
