<?xml version="1.0" encoding="UTF-8"?>
<!DOCTYPE html PUBLIC "-//W3C//DTD XHTML 1.0 Transitional//EN"
    "http://www.w3.org/TR/xhtml1/DTD/xhtml1-transitional.dtd">
<html xmlns="http://www.w3.org/1999/xhtml" xml:lang="en" lang="en">
 <head>
  <title>
</title>
<meta http-equiv="Content-Type" content="text/html;charset=utf-8" />
  <meta name='ocr-system' content='tesseract 3.04.00' />
  <meta name='ocr-capabilities' content='ocr_page ocr_carea ocr_par ocr_line ocrx_word'/>
</head>
<body>
  <div class='ocr_page' id='page_1' title='image "./claudiigalenide01mlgoog_0357.png"; bbox 0 0 2982 5014; ppageno 0'>
   <div class='ocr_carea' id='block_1_1' title="bbox 674 305 918 375">
    <p class='ocr_par' dir='ltr' id='par_1_1' title="bbox 674 305 918 375">
     <span class='ocr_line' id='line_1_1' title="bbox 674 305 918 375; baseline -0.004 0"><span class='ocrx_word' id='word_1_1' title='bbox 674 305 918 375; x_wconf 85' lang='lat'>-318-</span> 
     </span>
    </p>
   </div>
   <div class='ocr_carea' id='block_1_2' title="bbox 152 462 1382 1960">
    <p class='ocr_par' dir='ltr' id='par_1_2' title="bbox 152 462 1382 1960">
     <span class='ocr_line' id='line_1_2' title="bbox 218 462 1377 557; baseline -0.004 -18"><span class='ocrx_word' id='word_1_2' title='bbox 218 467 396 557; x_wconf 64' lang='lat' dir='ltr'><strong>‘tzdpevou</strong></span> <span class='ocrx_word' id='word_1_3' title='bbox 420 466 705 557; x_wconf 79' lang='grc' dir='ltr'><strong><em>διαμαρτάνοντες</em></strong></span> <span class='ocrx_word' id='word_1_4' title='bbox 723 467 770 555; x_wconf 85' lang='grc' dir='ltr'><strong>δέ,</strong></span> <span class='ocrx_word' id='word_1_5' title='bbox 793 462 839 546; x_wconf 78' lang='grc' dir='ltr'><strong>ὡς</strong></span> <span class='ocrx_word' id='word_1_6' title='bbox 856 466 929 554; x_wconf 79' lang='grc' dir='ltr'><strong><em>ἐμοὶ</em></strong></span> <span class='ocrx_word' id='word_1_7' title='bbox 949 471 1117 553; x_wconf 87' lang='grc' dir='ltr'><strong><em>φαίνεται,</em></strong></span> <span class='ocrx_word' id='word_1_8' title='bbox 1139 467 1196 535; x_wconf 74' lang='grc' dir='ltr'><strong><em>καὶ</em></strong></span> <span class='ocrx_word' id='word_1_9' title='bbox 1215 463 1377 554; x_wconf 77' lang='grc' dir='ltr'><strong><em>ἀγνοοῦν-</em></strong></span> 
     </span>
     <span class='ocr_line' id='line_1_3' title="bbox 219 567 1378 666; baseline -0.003 -20"><span class='ocrx_word' id='word_1_10' title='bbox 219 579 284 657; x_wconf 74' lang='lat' dir='ltr'><strong>‘ree</strong></span> <span class='ocrx_word' id='word_1_11' title='bbox 305 577 346 646; x_wconf 82' lang='grc' dir='ltr'><strong><em>τέι</em></strong></span> <span class='ocrx_word' id='word_1_12' title='bbox 374 576 604 666; x_wconf 75' lang='grc' dir='ltr'><strong><em>περὶτούτων</em></strong></span> <span class='ocrx_word' id='word_1_13' title='bbox 633 573 873 664; x_wconf 78' lang='grc' dir='ltr'><strong><em>ἱστορούμενα,</em></strong></span> <span class='ocrx_word' id='word_1_14' title='bbox 900 575 975 662; x_wconf 78' lang='grc' dir='ltr'><strong><em>περὶ</em></strong></span> <span class='ocrx_word' id='word_1_15' title='bbox 1004 567 1054 644; x_wconf 79' lang='grc' dir='ltr'><strong>ὧν</strong></span> <span class='ocrx_word' id='word_1_16' title='bbox 1081 572 1124 644; x_wconf 81' lang='grc' dir='ltr'><strong>οὐ</strong></span> <span class='ocrx_word' id='word_1_17' title='bbox 1147 573 1265 662; x_wconf 82' lang='grc' dir='ltr'><strong><em>χεῖρόν</em></strong></span> <span class='ocrx_word' id='word_1_18' title='bbox 1291 575 1378 643; x_wconf 79' lang='grc' dir='ltr'><strong><em>ἐστιν</em></strong></span> 
     </span>
     <span class='ocr_line' id='line_1_4' title="bbox 220 681 1382 771; baseline -0.003 -17"><span class='ocrx_word' id='word_1_19' title='bbox 220 684 286 754; x_wconf 72' lang='lat' dir='ltr'><strong>‘lert</strong></span> <span class='ocrx_word' id='word_1_20' title='bbox 313 685 418 753; x_wconf 80' lang='grc' dir='ltr'><strong><em>πλέον</em></strong></span> <span class='ocrx_word' id='word_1_21' title='bbox 449 689 557 754; x_wconf 80' lang='grc' dir='ltr'><strong><em>εέτιεῑν</em></strong></span> <span class='ocrx_word' id='word_1_22' title='bbox 589 685 627 752; x_wconf 86' lang='grc' dir='ltr'><strong>έν</strong></span> <span class='ocrx_word' id='word_1_23' title='bbox 657 697 728 762; x_wconf 87' lang='grc' dir='ltr'><strong><em>τοῖς</em></strong></span> <span class='ocrx_word' id='word_1_24' title='bbox 756 683 913 751; x_wconf 77' lang='grc' dir='ltr'><strong><em>ἐνεστῶτι</em></strong></span> <span class='ocrx_word' id='word_1_25' title='bbox 948 682 1117 771; x_wconf 76' lang='grc' dir='ltr'><strong><em>ζητήμασι.</em></strong></span> <span class='ocrx_word' id='word_1_26' title='bbox 1167 683 1253 770; x_wconf 84' lang='grc' dir='ltr'><strong><em>φασὶ</em></strong></span> <span class='ocrx_word' id='word_1_27' title='bbox 1281 681 1319 752; x_wconf 77' lang='grc' dir='ltr'><strong>δέ</strong></span> <span class='ocrx_word' id='word_1_28' title='bbox 1348 687 1382 751; x_wconf 83' lang='lat' dir='ltr'><strong>oi</strong></span> 
     </span>
     <span class='ocr_line' id='line_1_5' title="bbox 220 787 1377 881; baseline -0.003 -20"><span class='ocrx_word' id='word_1_29' title='bbox 220 790 295 881; x_wconf 71' lang='lat' dir='ltr'><strong>‘pte</strong></span> <span class='ocrx_word' id='word_1_30' title='bbox 317 789 425 874; x_wconf 80' lang='grc' dir='ltr'><strong><em>οὕτως</em></strong></span> <span class='ocrx_word' id='word_1_31' title='bbox 447 789 560 873; x_wconf 68' lang='grc' dir='ltr'><strong><em>διπλοῖς</em></strong></span> <span class='ocrx_word' id='word_1_32' title='bbox 583 793 618 861; x_wconf 86' lang='grc' dir='ltr'><strong>έιι</strong></span> <span class='ocrx_word' id='word_1_33' title='bbox 641 795 699 880; x_wconf 89' lang='grc' dir='ltr'><strong><em>τής</em></strong></span> <span class='ocrx_word' id='word_1_34' title='bbox 722 792 784 858; x_wconf 83' lang='grc' dir='ltr'><strong><em>τοῦ</em></strong></span> <span class='ocrx_word' id='word_1_35' title='bbox 807 789 893 870; x_wconf 90' lang='grc' dir='ltr'><strong><em>Διὸς</em></strong></span> <span class='ocrx_word' id='word_1_36' title='bbox 919 793 1066 878; x_wconf 72' lang='grc' dir='ltr'><strong><em>κεφαλής</em></strong></span> <span class='ocrx_word' id='word_1_37' title='bbox 1088 787 1199 878; x_wconf 86' lang='grc' dir='ltr'><strong><em>αότήν</em></strong></span> <span class='ocrx_word' id='word_1_38' title='bbox 1221 793 1377 879; x_wconf 81' lang='grc' dir='ltr'><strong><em>γενέσθαι</em></strong></span> 
     </span>
     <span class='ocr_line' id='line_1_6' title="bbox 191 893 1379 988; baseline -0.003 -18"><span class='ocrx_word' id='word_1_39' title='bbox 191 896 313 970; x_wconf 70' lang='lat' dir='ltr'><strong>r‘osoz</strong></span> <span class='ocrx_word' id='word_1_40' title='bbox 345 903 647 988; x_wconf 82' lang='grc' dir='ltr'><strong><em>προσιστοροῦντες</em></strong></span> <span class='ocrx_word' id='word_1_41' title='bbox 676 896 715 968; x_wconf 93' lang='grc' dir='ltr'><strong><em>τὸ</em></strong></span> <span class='ocrx_word' id='word_1_42' title='bbox 748 902 819 978; x_wconf 76' lang='grc' dir='ltr'><strong><em>τοῖς</em></strong></span> <span class='ocrx_word' id='word_1_43' title='bbox 851 893 872 986; x_wconf 83' lang='grc' dir='ltr'><strong><em>ή</em></strong></span> <span class='ocrx_word' id='word_1_44' title='bbox 904 897 988 966; x_wconf 77' lang='grc' dir='ltr'><strong><em>κατὰ</em></strong></span> <span class='ocrx_word' id='word_1_45' title='bbox 1026 903 1101 966; x_wconf 86' lang='grc' dir='ltr'><strong><em>τίνα</em></strong></span> <span class='ocrx_word' id='word_1_46' title='bbox 1136 898 1255 986; x_wconf 74' lang='grc' dir='ltr'><strong><em>λόγον·</em></strong></span> <span class='ocrx_word' id='word_1_47' title='bbox 1293 897 1328 968; x_wconf 86' lang='grc' dir='ltr'><strong>ό·</strong></span> <span class='ocrx_word' id='word_1_48' title='bbox 1345 899 1379 967; x_wconf 73' lang='lat' dir='ltr'><strong>or</strong></span> 
     </span>
     <span class='ocr_line' id='line_1_7' title="bbox 220 1004 1381 1095; baseline -0.002 -19"><span class='ocrx_word' id='word_1_49' title='bbox 220 1004 393 1088; x_wconf 70' lang='lat' dir='ltr'><strong>“liuterius</strong></span> <span class='ocrx_word' id='word_1_50' title='bbox 411 1009 463 1078; x_wconf 80' lang='grc' dir='ltr'><strong>ἐπὶ</strong></span> <span class='ocrx_word' id='word_1_51' title='bbox 486 1009 591 1078; x_wconf 82' lang='grc' dir='ltr'><strong><em>πλέον</em></strong></span> <span class='ocrx_word' id='word_1_52' title='bbox 613 1009 700 1094; x_wconf 77' lang='grc' dir='ltr'><strong><em>λέγει</em></strong></span> <span class='ocrx_word' id='word_1_53' title='bbox 724 1007 762 1074; x_wconf 85' lang='grc' dir='ltr'><strong>έν</strong></span> <span class='ocrx_word' id='word_1_54' title='bbox 780 1021 853 1086; x_wconf 83' lang='grc' dir='ltr'><strong><em>ταῖς</em></strong></span> <span class='ocrx_word' id='word_1_55' title='bbox 871 1012 1066 1092; x_wconf 83' lang='grc' dir='ltr'><strong><em>θεογονιάις</em></strong></span> <span class='ocrx_word' id='word_1_56' title='bbox 1088 1011 1109 1090; x_wconf 75' lang='grc' dir='ltr'><strong>ή·</strong></span> <span class='ocrx_word' id='word_1_57' title='bbox 1132 1010 1238 1075; x_wconf 78' lang='grc' dir='ltr'><strong><em>τινῶν</em></strong></span> <span class='ocrx_word' id='word_1_58' title='bbox 1260 1006 1324 1095; x_wconf 71' lang='grc' dir='ltr'><strong>μέν</strong></span> <span class='ocrx_word' id='word_1_59' title='bbox 1346 1009 1381 1074; x_wconf 92' lang='grc' dir='ltr'><strong>έν</strong></span> 
     </span>
     <span class='ocr_line' id='line_1_8' title="bbox 219 1111 1381 1206; baseline -0.003 -21"><span class='ocrx_word' id='word_1_60' title='bbox 219 1119 271 1206; x_wconf 52' lang='grc' dir='ltr'><strong><em>(τή</em></strong></span> <span class='ocrx_word' id='word_1_61' title='bbox 303 1122 468 1206; x_wconf 82' lang='grc' dir='ltr'><strong><em>δεογονίμ</em></strong></span> <span class='ocrx_word' id='word_1_62' title='bbox 504 1113 709 1204; x_wconf 79' lang='grc' dir='ltr'><strong><em>γραφόντων</em></strong></span> <span class='ocrx_word' id='word_1_63' title='bbox 745 1115 808 1203; x_wconf 82' lang='grc' dir='ltr'><strong><em>τήν</em></strong></span> <span class='ocrx_word' id='word_1_64' title='bbox 844 1115 979 1202; x_wconf 89' lang='grc' dir='ltr'><strong><em>γένεσιν</em></strong></span> <span class='ocrx_word' id='word_1_65' title='bbox 1011 1111 1115 1202; x_wconf 76' lang='grc' dir='ltr'><strong><em>αὐτῆς</em></strong></span> <span class='ocrx_word' id='word_1_66' title='bbox 1149 1118 1286 1202; x_wconf 79' lang='grc' dir='ltr'><strong><em>πρῶτον</em></strong></span> <span class='ocrx_word' id='word_1_67' title='bbox 1320 1114 1381 1202; x_wconf 73' lang='grc' dir='ltr'><strong>μέν</strong></span> 
     </span>
     <span class='ocr_line' id='line_1_9' title="bbox 220 1221 1381 1312; baseline -0.002 -20"><span class='ocrx_word' id='word_1_68' title='bbox 220 1223 362 1311; x_wconf 67' lang='grc' dir='ltr'><strong>εΜήτιδι</strong></span> <span class='ocrx_word' id='word_1_69' title='bbox 386 1223 638 1312; x_wconf 77' lang='grc' dir='ltr'><strong><em>συγγενομένου</em></strong></span> <span class='ocrx_word' id='word_1_70' title='bbox 660 1226 722 1292; x_wconf 87' lang='grc' dir='ltr'><strong><em>τοῦ</em></strong></span> <span class='ocrx_word' id='word_1_71' title='bbox 746 1222 847 1306; x_wconf 85' lang='grc' dir='ltr'><strong><em>Διός,</em></strong></span> <span class='ocrx_word' id='word_1_72' title='bbox 871 1222 1031 1310; x_wconf 90' lang='grc' dir='ltr'><strong><em>δεότερον</em></strong></span> <span class='ocrx_word' id='word_1_73' title='bbox 1055 1221 1092 1291; x_wconf 77' lang='grc' dir='ltr'><strong>δέ</strong></span> <span class='ocrx_word' id='word_1_74' title='bbox 1117 1225 1256 1311; x_wconf 83' lang='grc' dir='ltr'><strong><em>Θέμιδι,</em></strong></span> <span class='ocrx_word' id='word_1_75' title='bbox 1278 1225 1381 1291; x_wconf 76' lang='grc' dir='ltr'><strong><em>τινῶν</em></strong></span> 
     </span>
     <span class='ocr_line' id='line_1_10' title="bbox 220 1327 1380 1420; baseline -0.002 -20"><span class='ocrx_word' id='word_1_76' title='bbox 220 1330 270 1400; x_wconf 63' lang='grc' dir='ltr'><strong>’δὲ</strong></span> <span class='ocrx_word' id='word_1_77' title='bbox 294 1331 332 1399; x_wconf 82' lang='grc' dir='ltr'><strong>ἐν</strong></span> <span class='ocrx_word' id='word_1_78' title='bbox 355 1331 479 1420; x_wconf 81' lang='grc' dir='ltr'><strong><em>ἑτέροις</em></strong></span> <span class='ocrx_word' id='word_1_79' title='bbox 500 1330 609 1412; x_wconf 77' lang='grc' dir='ltr'><strong><em>ἄλλως</em></strong></span> <span class='ocrx_word' id='word_1_80' title='bbox 632 1329 832 1419; x_wconf 82' lang='grc' dir='ltr'><strong><em>γραφόντων</em></strong></span> <span class='ocrx_word' id='word_1_81' title='bbox 854 1329 918 1418; x_wconf 87' lang='grc' dir='ltr'><strong><em>τήν</em></strong></span> <span class='ocrx_word' id='word_1_82' title='bbox 940 1332 1075 1418; x_wconf 84' lang='grc' dir='ltr'><strong><em>γένεσιν</em></strong></span> <span class='ocrx_word' id='word_1_83' title='bbox 1098 1327 1218 1417; x_wconf 83' lang='grc' dir='ltr'><strong><em>αὐτῆς,</em></strong></span> <span class='ocrx_word' id='word_1_84' title='bbox 1247 1327 1294 1409; x_wconf 79' lang='grc' dir='ltr'><strong>ὡς</strong></span> <span class='ocrx_word' id='word_1_85' title='bbox 1317 1327 1380 1418; x_wconf 75' lang='grc' dir='ltr'><strong><em>ἄρα</em></strong></span> 
     </span>
     <span class='ocr_line' id='line_1_11' title="bbox 152 1436 1381 1531; baseline -0.006 -19"><span class='ocrx_word' id='word_1_86' title='bbox 152 1441 418 1529; x_wconf 64' lang='grc' dir='ltr'><strong><em>αὖθ’γενομένής</em></strong></span> <span class='ocrx_word' id='word_1_87' title='bbox 444 1443 556 1525; x_wconf 78' lang='grc' dir='ltr'><strong><em>ἔριδος</em></strong></span> <span class='ocrx_word' id='word_1_88' title='bbox 585 1441 631 1531; x_wconf 78' lang='grc' dir='ltr'><strong><em>τῷ</em></strong></span> <span class='ocrx_word' id='word_1_89' title='bbox 661 1443 724 1507; x_wconf 86' lang='grc' dir='ltr'><strong>Διῒ</strong></span> <span class='ocrx_word' id='word_1_90' title='bbox 748 1439 804 1507; x_wconf 85' lang='grc' dir='ltr'><strong><em>καὶ</em></strong></span> <span class='ocrx_word' id='word_1_91' title='bbox 835 1440 839 1528; x_wconf 80' lang='grc' dir='ltr'>Ι</span> <span class='ocrx_word' id='word_1_92' title='bbox 869 1441 908 1528; x_wconf 82' lang='grc' dir='ltr'><strong><em>τή</em></strong></span> <span class='ocrx_word' id='word_1_93' title='bbox 930 1437 1019 1530; x_wconf 83' lang='grc' dir='ltr'><strong>Ἥρᾳ</strong></span> <span class='ocrx_word' id='word_1_94' title='bbox 1046 1436 1243 1528; x_wconf 90' lang='grc' dir='ltr'><strong><em>γεννήσειεν</em></strong></span> <span class='ocrx_word' id='word_1_95' title='bbox 1271 1436 1291 1526; x_wconf 81' lang='grc' dir='ltr'><em>ἡ</em></span> <span class='ocrx_word' id='word_1_96' title='bbox 1320 1437 1381 1526; x_wconf 74' lang='grc' dir='ltr'><strong>μὲν</strong></span> 
     </span>
     <span class='ocr_line' id='line_1_12' title="bbox 180 1543 1380 1636; baseline -0.003 -18"><span class='ocrx_word' id='word_1_97' title='bbox 180 1565 204 1606; x_wconf 80' lang='lat'><strong>¹1</strong></span> <span class='ocrx_word' id='word_1_98' title='bbox 221 1546 320 1636; x_wconf 67' lang='grc' dir='ltr'><strong>ε’Ἡρα</strong></span> <span class='ocrx_word' id='word_1_99' title='bbox 344 1547 401 1616; x_wconf 82' lang='grc' dir='ltr'><strong>διὰ</strong></span> <span class='ocrx_word' id='word_1_100' title='bbox 426 1548 546 1635; x_wconf 75' lang='grc' dir='ltr'><strong><em>εἀυτής</em></strong></span> <span class='ocrx_word' id='word_1_101' title='bbox 567 1545 630 1616; x_wconf 85' lang='grc' dir='ltr'><strong>τὸν</strong></span> <span class='ocrx_word' id='word_1_102' title='bbox 644 1544 850 1634; x_wconf 84' lang='grc' dir='ltr'><strong><em>Ἥφαιστον,</em></strong></span> <span class='ocrx_word' id='word_1_103' title='bbox 874 1543 892 1615; x_wconf 86' lang='grc' dir='ltr'><strong>ὁ</strong></span> <span class='ocrx_word' id='word_1_104' title='bbox 918 1546 955 1616; x_wconf 75' lang='grc' dir='ltr'><strong>δὲ</strong></span> <span class='ocrx_word' id='word_1_105' title='bbox 979 1547 1065 1629; x_wconf 85' lang='grc' dir='ltr'><strong><em>Ζεὺς</em></strong></span> <span class='ocrx_word' id='word_1_106' title='bbox 1087 1546 1150 1634; x_wconf 86' lang='grc' dir='ltr'><strong><em>τήν</em></strong></span> <span class='ocrx_word' id='word_1_107' title='bbox 1170 1543 1323 1635; x_wconf 77' lang='grc' dir='ltr'><strong><em>Ἀθηνᾶν</em></strong></span> <span class='ocrx_word' id='word_1_108' title='bbox 1346 1547 1380 1614; x_wconf 87' lang='grc' dir='ltr'><strong>έιι</strong></span> 
     </span>
     <span class='ocr_line' id='line_1_13' title="bbox 218 1650 1380 1744; baseline -0.002 -20"><span class='ocrx_word' id='word_1_109' title='bbox 218 1658 288 1743; x_wconf 67' lang='grc' dir='ltr'><strong><em>’τῆς</em></strong></span> <span class='ocrx_word' id='word_1_110' title='bbox 310 1654 465 1744; x_wconf 76' lang='grc' dir='ltr'><strong><em>Μήτιδος</em></strong></span> <span class='ocrx_word' id='word_1_111' title='bbox 487 1660 734 1741; x_wconf 82' lang='grc' dir='ltr'><strong><em>καταποθείσης</em></strong></span> <span class='ocrx_word' id='word_1_112' title='bbox 760 1651 825 1723; x_wconf 79' lang='grc' dir='ltr'><strong>ὑπὸ</strong></span> <span class='ocrx_word' id='word_1_113' title='bbox 850 1650 967 1722; x_wconf 80' lang='grc' dir='ltr'><strong><em>αὐτοῦ.</em></strong></span> <span class='ocrx_word' id='word_1_114' title='bbox 1010 1651 1031 1743; x_wconf 86' lang='grc' dir='ltr'><strong><em>ή</em></strong></span> <span class='ocrx_word' id='word_1_115' title='bbox 1059 1655 1122 1742; x_wconf 85' lang='grc' dir='ltr'><strong>μὲν</strong></span> <span class='ocrx_word' id='word_1_116' title='bbox 1150 1651 1216 1740; x_wconf 80' lang='grc' dir='ltr'><strong>γὰρ</strong></span> <span class='ocrx_word' id='word_1_117' title='bbox 1245 1658 1295 1733; x_wconf 83' lang='grc' dir='ltr'><strong><em>εἰς</em></strong></span> <span class='ocrx_word' id='word_1_118' title='bbox 1323 1650 1380 1722; x_wconf 82' lang='grc' dir='ltr'><strong><em>αό-</em></strong></span> 
     </span>
     <span class='ocr_line' id='line_1_14' title="bbox 218 1757 1381 1851; baseline -0.004 -18"><span class='ocrx_word' id='word_1_119' title='bbox 218 1761 296 1833; x_wconf 74' lang='lat' dir='ltr'><strong>‘rto</strong></span> <span class='ocrx_word' id='word_1_120' title='bbox 314 1763 495 1843; x_wconf 76' lang='grc' dir='ltr'><strong><em>κατάποσις</em></strong></span> <span class='ocrx_word' id='word_1_121' title='bbox 516 1765 575 1851; x_wconf 86' lang='grc' dir='ltr'><strong><em>τής</em></strong></span> <span class='ocrx_word' id='word_1_122' title='bbox 592 1760 748 1850; x_wconf 86' lang='grc' dir='ltr'><strong><em>Μήτιδος</em></strong></span> <span class='ocrx_word' id='word_1_123' title='bbox 770 1762 825 1830; x_wconf 76' lang='grc' dir='ltr'><strong><em>καὶ</em></strong></span> <span class='ocrx_word' id='word_1_124' title='bbox 845 1766 948 1830; x_wconf 80' lang='grc' dir='ltr'><strong><em>ἔνδον</em></strong></span> <span class='ocrx_word' id='word_1_125' title='bbox 970 1765 1032 1831; x_wconf 86' lang='grc' dir='ltr'><strong><em>τοῦ</em></strong></span> <span class='ocrx_word' id='word_1_126' title='bbox 1051 1760 1138 1842; x_wconf 84' lang='grc' dir='ltr'><strong><em>Διὸς</em></strong></span> <span class='ocrx_word' id='word_1_127' title='bbox 1159 1765 1219 1848; x_wconf 79' lang='grc' dir='ltr'><strong><em>τῆς</em></strong></span> <span class='ocrx_word' id='word_1_128' title='bbox 1235 1757 1381 1850; x_wconf 77' lang='grc' dir='ltr'><strong><em>Ἀθηνᾶς</em></strong></span> 
     </span>
     <span class='ocr_line' id='line_1_15' title="bbox 218 1867 1379 1960; baseline -0.003 -20"><span class='ocrx_word' id='word_1_129' title='bbox 218 1871 365 1959; x_wconf 62' lang='grc' dir='ltr'><strong><em>*γένεσις</em></strong></span> <span class='ocrx_word' id='word_1_130' title='bbox 386 1871 469 1940; x_wconf 79' lang='grc' dir='ltr'><strong><em>κατὰ</em></strong></span> <span class='ocrx_word' id='word_1_131' title='bbox 492 1867 705 1960; x_wconf 76' lang='grc' dir='ltr'><strong><em>ἀμφοτέρους</em></strong></span> <span class='ocrx_word' id='word_1_132' title='bbox 726 1867 806 1950; x_wconf 85' lang='grc' dir='ltr'><strong><em>τοὺς</em></strong></span> <span class='ocrx_word' id='word_1_133' title='bbox 833 1868 956 1958; x_wconf 80' lang='grc' dir='ltr'><strong><em>λόγους</em></strong></span> <span class='ocrx_word' id='word_1_134' title='bbox 978 1870 1083 1939; x_wconf 79' lang='grc' dir='ltr'><strong><em>ἐστίν·</em></strong></span> <span class='ocrx_word' id='word_1_135' title='bbox 1111 1870 1313 1957; x_wconf 85' lang='grc' dir='ltr'><strong><em>διαφέρουσι</em></strong></span> <span class='ocrx_word' id='word_1_136' title='bbox 1343 1867 1379 1936; x_wconf 78' lang='grc' dir='ltr'><strong>δὲ</strong></span> 
     </span>
    </p>
   </div>
   <div class='ocr_carea' id='block_1_3' title="bbox 228 2018 437 2028">
    <p class='ocr_par' dir='ltr' id='par_1_3' title="bbox 228 2018 437 2028">
     <span class='ocr_line' id='line_1_16' title="bbox 228 2018 437 2028; baseline -0.01 0"><span class='ocrx_word' id='word_1_137' title='bbox 228 2018 437 2028; x_wconf 69' lang='grc' dir='ltr'><strong>..ι-...ι--ι-</strong></span> 
     </span>
    </p>
   </div>
   <div class='ocr_carea' id='block_1_4' title="bbox 219 2097 1380 2462">
    <p class='ocr_par' dir='ltr' id='par_1_4' title="bbox 219 2097 1380 2462">
     <span class='ocr_line' id='line_1_17' title="bbox 256 2097 1380 2176; baseline -0.005 -15"><span class='ocrx_word' id='word_1_138' title='bbox 256 2113 270 2161; x_wconf 83' lang='grc'>1</span> <span class='ocrx_word' id='word_1_139' title='bbox 291 2099 517 2176; x_wconf 73' lang='grc' dir='ltr'><strong><em>διαμαρτάνοντι</em></strong></span> <span class='ocrx_word' id='word_1_140' title='bbox 542 2102 578 2160; x_wconf 83' lang='grc' dir='ltr'><strong>Μ.</strong></span> <span class='ocrx_word' id='word_1_141' title='bbox 600 2135 634 2144; x_wconf 98' lang='grc'><strong>-</strong></span> <span class='ocrx_word' id='word_1_142' title='bbox 658 2107 674 2156; x_wconf 79' lang='grc'><strong>3</strong></span> <span class='ocrx_word' id='word_1_143' title='bbox 700 2100 791 2156; x_wconf 73' lang='grc' dir='ltr'><strong><em>εἰπεῖν</em></strong></span> <span class='ocrx_word' id='word_1_144' title='bbox 811 2108 870 2166; x_wconf 81' lang='grc' dir='ltr'><strong><em>τοῖς</em></strong></span> <span class='ocrx_word' id='word_1_145' title='bbox 893 2103 929 2158; x_wconf 98' lang='lat' dir='ltr'>M.</span> <span class='ocrx_word' id='word_1_146' title='bbox 951 2135 983 2144; x_wconf 92' lang='lat'><em>-</em></span> <span class='ocrx_word' id='word_1_147' title='bbox 1009 2109 1025 2158; x_wconf 81' lang='lat'><strong>5</strong></span> <span class='ocrx_word' id='word_1_148' title='bbox 1049 2103 1110 2166; x_wconf 77' lang='grc' dir='ltr'><strong>πῶς</strong></span> <span class='ocrx_word' id='word_1_149' title='bbox 1134 2097 1168 2158; x_wconf 86' lang='grc' dir='ltr'><strong>ον’</strong></span> <span class='ocrx_word' id='word_1_150' title='bbox 1194 2097 1269 2158; x_wconf 75' lang='grc' dir='ltr'><strong><em>κατὰ</em></strong></span> <span class='ocrx_word' id='word_1_151' title='bbox 1288 2100 1326 2158; x_wconf 91' lang='lat' dir='ltr'>M.</span> <span class='ocrx_word' id='word_1_152' title='bbox 1347 2131 1380 2142; x_wconf 90' lang='lat'>-</span> 
     </span>
     <span class='ocr_line' id='line_1_18' title="bbox 220 2173 1380 2246; baseline -0.003 -15"><span class='ocrx_word' id='word_1_153' title='bbox 220 2173 288 2233; x_wconf 68' lang='lat' dir='ltr'><strong>ulo</strong></span> <span class='ocrx_word' id='word_1_154' title='bbox 307 2185 368 2241; x_wconf 75' lang='grc' dir='ltr'><strong><em>ταῖς</em></strong></span> <span class='ocrx_word' id='word_1_155' title='bbox 387 2179 553 2246; x_wconf 74' lang='grc' dir='ltr'><strong><em>θεογονιάις</em></strong></span> <span class='ocrx_word' id='word_1_156' title='bbox 572 2197 597 2232; x_wconf 86' lang='grc' dir='ltr'><strong>ιι.</strong></span> <span class='ocrx_word' id='word_1_157' title='bbox 616 2197 639 2230; x_wconf 86' lang='grc' dir='ltr'><strong><em>τ,</em></strong></span> <span class='ocrx_word' id='word_1_158' title='bbox 659 2179 681 2230; x_wconf 81' lang='lat' dir='ltr'><strong>t.</strong></span> <span class='ocrx_word' id='word_1_159' title='bbox 710 2175 858 2229; x_wconf 76' lang='lat' dir='ltr'><strong>‘mendum</strong></span> <span class='ocrx_word' id='word_1_160' title='bbox 882 2176 971 2230; x_wconf 84' lang='lat' dir='ltr'><strong>inesse</strong></span> <span class='ocrx_word' id='word_1_161' title='bbox 999 2175 1142 2244; x_wconf 81' lang='lat' dir='ltr'><strong>suspicor&#39;</strong></span> <span class='ocrx_word' id='word_1_162' title='bbox 1170 2175 1320 2241; x_wconf 78' lang='lat' dir='ltr'><strong>A1.Just.;</strong></span> <span class='ocrx_word' id='word_1_163' title='bbox 1345 2173 1380 2228; x_wconf 80' lang='lat' dir='ltr'><strong>us.</strong></span> 
     </span>
     <span class='ocr_line' id='line_1_19' title="bbox 220 2246 1379 2318; baseline 0 -18"><span class='ocrx_word' id='word_1_164' title='bbox 220 2249 405 2306; x_wconf 75' lang='lat' dir='ltr'><strong>Schoenronn.</strong></span> <span class='ocrx_word' id='word_1_165' title='bbox 424 2249 526 2318; x_wconf 85' lang='lat' dir='ltr'><strong>Opuso.</strong></span> <span class='ocrx_word' id='word_1_166' title='bbox 545 2248 623 2302; x_wconf 81' lang='lat' dir='ltr'><strong>send.</strong></span> <span class='ocrx_word' id='word_1_167' title='bbox 645 2247 681 2307; x_wconf 83' lang='grc' dir='ltr'><strong>ΙΙ,</strong></span> <span class='ocrx_word' id='word_1_168' title='bbox 702 2253 766 2304; x_wconf 70' lang='lat'><strong>⁴20:</strong></span> <span class='ocrx_word' id='word_1_169' title='bbox 791 2246 891 2316; x_wconf 78' lang='lat' dir='ltr'><strong>Bergk.</strong></span> <span class='ocrx_word' id='word_1_170' title='bbox 913 2247 984 2303; x_wconf 85' lang='lat' dir='ltr'><strong>tiist.</strong></span> <span class='ocrx_word' id='word_1_171' title='bbox 1006 2247 1060 2302; x_wconf 87' lang='lat' dir='ltr'><strong>Lit.</strong></span> <span class='ocrx_word' id='word_1_172' title='bbox 1081 2247 1181 2303; x_wconf 80' lang='lat' dir='ltr'><strong>Grues.</strong></span> <span class='ocrx_word' id='word_1_173' title='bbox 1202 2247 1231 2312; x_wconf 88' lang='lat'><strong>1,</strong></span> <span class='ocrx_word' id='word_1_174' title='bbox 1250 2253 1316 2306; x_wconf 66' lang='grc'><strong>989,</strong></span> <span class='ocrx_word' id='word_1_175' title='bbox 1337 2253 1379 2300; x_wconf 72' lang='lat'>62.</span> 
     </span>
     <span class='ocr_line' id='line_1_20' title="bbox 219 2313 1379 2392; baseline -0.003 -16"><span class='ocrx_word' id='word_1_176' title='bbox 219 2351 253 2362; x_wconf 91' lang='lat'>-</span> <span class='ocrx_word' id='word_1_177' title='bbox 277 2327 294 2376; x_wconf 83' lang='lat'>8</span> <span class='ocrx_word' id='word_1_178' title='bbox 315 2319 417 2392; x_wconf 84' lang='grc' dir='ltr'><strong><em>Θέμιδι</em></strong></span> <span class='ocrx_word' id='word_1_179' title='bbox 439 2319 468 2375; x_wconf 90' lang='lat' dir='ltr'><strong>iu</strong></span> <span class='ocrx_word' id='word_1_180' title='bbox 488 2337 540 2374; x_wconf 84' lang='lat' dir='ltr'><strong>ras.</strong></span> <span class='ocrx_word' id='word_1_181' title='bbox 561 2320 598 2374; x_wconf 90' lang='lat' dir='ltr'>M.</span> <span class='ocrx_word' id='word_1_182' title='bbox 618 2349 651 2358; x_wconf 96' lang='lat'>-</span> <span class='ocrx_word' id='word_1_183' title='bbox 676 2317 761 2371; x_wconf 76' lang='grc' dir='ltr'><strong><em>τινῶν</em></strong></span> <span class='ocrx_word' id='word_1_184' title='bbox 785 2315 817 2373; x_wconf 76' lang='grc' dir='ltr'><strong>δέ</strong></span> <span class='ocrx_word' id='word_1_185' title='bbox 842 2319 885 2373; x_wconf 89' lang='lat' dir='ltr'><strong>bis</strong></span> <span class='ocrx_word' id='word_1_186' title='bbox 905 2317 941 2373; x_wconf 88' lang='lat' dir='ltr'>M.</span> <span class='ocrx_word' id='word_1_187' title='bbox 963 2349 996 2359; x_wconf 93' lang='lat'>—</span> <span class='ocrx_word' id='word_1_188' title='bbox 1020 2326 1036 2372; x_wconf 85' lang='lat' dir='ltr'><strong>u</strong></span> <span class='ocrx_word' id='word_1_189' title='bbox 1056 2313 1146 2387; x_wconf 84' lang='grc' dir='ltr'><strong><em>αότής</em></strong></span> <span class='ocrx_word' id='word_1_190' title='bbox 1164 2318 1195 2373; x_wconf 90' lang='lat' dir='ltr'><strong>in</strong></span> <span class='ocrx_word' id='word_1_191' title='bbox 1213 2336 1269 2374; x_wconf 83' lang='lat' dir='ltr'><strong>rus.</strong></span> <span class='ocrx_word' id='word_1_192' title='bbox 1289 2319 1325 2373; x_wconf 89' lang='lat' dir='ltr'><strong>M.</strong></span> <span class='ocrx_word' id='word_1_193' title='bbox 1347 2347 1379 2358; x_wconf 90' lang='lat'>-</span> 
     </span>
     <span class='ocr_line' id='line_1_21' title="bbox 222 2385 1379 2462; baseline -0.004 -14"><span class='ocrx_word' id='word_1_194' title='bbox 222 2400 253 2448; x_wconf 77' lang='lat'><strong>13</strong></span> <span class='ocrx_word' id='word_1_195' title='bbox 268 2387 399 2462; x_wconf 85' lang='grc' dir='ltr'><strong><em>Μήτιδος</em></strong></span> <span class='ocrx_word' id='word_1_196' title='bbox 411 2391 460 2446; x_wconf 71' lang='grc' dir='ltr'><strong><em>καὶ</em></strong></span> <span class='ocrx_word' id='word_1_197' title='bbox 472 2389 557 2447; x_wconf 84' lang='grc' dir='ltr'><strong><em>ένδον</em></strong></span> <span class='ocrx_word' id='word_1_198' title='bbox 570 2390 621 2446; x_wconf 84' lang='grc' dir='ltr'><strong><em>τοῦ</em></strong></span> <span class='ocrx_word' id='word_1_199' title='bbox 634 2385 704 2452; x_wconf 75' lang='grc' dir='ltr'><strong><em>Διὸς</em></strong></span> <span class='ocrx_word' id='word_1_200' title='bbox 717 2389 836 2459; x_wconf 83' lang='lat' dir='ltr'><strong>omissis,</strong></span> <span class='ocrx_word' id='word_1_201' title='bbox 851 2407 923 2461; x_wconf 76' lang='lat' dir='ltr'><strong>queue</strong></span> <span class='ocrx_word' id='word_1_202' title='bbox 938 2389 1087 2446; x_wconf 77' lang='lat' dir='ltr'><strong>interiecto</strong></span> <span class='ocrx_word' id='word_1_203' title='bbox 1101 2393 1175 2456; x_wconf 80' lang='lat' dir='ltr'><strong>runt,</strong></span> <span class='ocrx_word' id='word_1_204' title='bbox 1190 2391 1287 2446; x_wconf 75' lang='lat' dir='ltr'><strong>serbis</strong></span> <span class='ocrx_word' id='word_1_205' title='bbox 1296 2389 1335 2447; x_wconf 87' lang='lat' dir='ltr'>M.</span> <span class='ocrx_word' id='word_1_206' title='bbox 1346 2419 1379 2430; x_wconf 88' lang='lat'><strong>—·</strong></span> 
     </span>
    </p>
   </div>
   <div class='ocr_carea' id='block_1_5' title="bbox 223 2540 434 2551">
    <p class='ocr_par' dir='ltr' id='par_1_5' title="bbox 223 2540 434 2551">
     <span class='ocr_line' id='line_1_22' title="bbox 223 2540 434 2551; baseline -0.014 -1"><span class='ocrx_word' id='word_1_207' title='bbox 223 2540 434 2551; x_wconf 51' lang='lat' dir='ltr'><strong>*nu-m..</strong></span> 
     </span>
    </p>
   </div>
   <div class='ocr_carea' id='block_1_6' title="bbox 147 2623 1458 4430">
    <p class='ocr_par' dir='ltr' id='par_1_6' title="bbox 147 2623 1458 4430">
     <span class='ocr_line' id='line_1_23' title="bbox 221 2623 1380 2714; baseline -0.003 -20"><span class='ocrx_word' id='word_1_208' title='bbox 221 2631 329 2694; x_wconf 88' lang='lat' dir='ltr'><strong>esset</strong></span> <span class='ocrx_word' id='word_1_209' title='bbox 346 2627 605 2714; x_wconf 80' lang='lat' dir='ltr'><strong>principa-tue.</strong></span> <span class='ocrx_word' id='word_1_210' title='bbox 648 2623 756 2703; x_wconf 84' lang='lat' dir='ltr'><strong>Quod</strong></span> <span class='ocrx_word' id='word_1_211' title='bbox 776 2647 857 2692; x_wconf 88' lang='lat' dir='ltr'><strong>cum</strong></span> <span class='ocrx_word' id='word_1_212' title='bbox 877 2626 1025 2712; x_wconf 83' lang='lat' dir='ltr'><strong>dieunt,</strong></span> <span class='ocrx_word' id='word_1_213' title='bbox 1048 2625 1380 2712; x_wconf 65' lang='lat' dir='ltr'>probabilitatem</span> 
     </span>
     <span class='ocr_line' id='line_1_24' title="bbox 220 2733 1458 2822; baseline -0.002 -21"><span class='ocrx_word' id='word_1_214' title='bbox 220 2735 412 2822; x_wconf 82' lang='lat' dir='ltr'><strong>quandum</strong></span> <span class='ocrx_word' id='word_1_215' title='bbox 440 2734 503 2800; x_wconf 92' lang='lat' dir='ltr'><strong>illi</strong></span> <span class='ocrx_word' id='word_1_216' title='bbox 530 2733 683 2820; x_wconf 87' lang='lat' dir='ltr'><strong>quidem</strong></span> <span class='ocrx_word' id='word_1_217' title='bbox 712 2737 942 2820; x_wconf 80' lang='lat' dir='ltr'><strong>sequuntur,</strong></span> <span class='ocrx_word' id='word_1_218' title='bbox 970 2737 1106 2800; x_wconf 85' lang='lat' dir='ltr'><strong>errant</strong></span> <span class='ocrx_word' id='word_1_219' title='bbox 1134 2739 1269 2800; x_wconf 83' lang='lat' dir='ltr'><strong>temen</strong></span> <span class='ocrx_word' id='word_1_220' title='bbox 1300 2755 1382 2800; x_wconf 88' lang='lat' dir='ltr'><strong>mee</strong></span> <span class='ocrx_word' id='word_1_221' title='bbox 1453 2737 1458 2746; x_wconf 86' lang='grc'><em>“</em></span> 
     </span>
     <span class='ocr_line' id='line_1_25' title="bbox 219 2840 1381 2928; baseline 0 -21"><span class='ocrx_word' id='word_1_222' title='bbox 219 2840 373 2928; x_wconf 87' lang='lat' dir='ltr'><strong>quidem</strong></span> <span class='ocrx_word' id='word_1_223' title='bbox 396 2842 596 2907; x_wconf 82' lang='lat' dir='ltr'><strong>sententia</strong></span> <span class='ocrx_word' id='word_1_224' title='bbox 624 2845 674 2924; x_wconf 88' lang='lat' dir='ltr'><strong>et,</strong></span> <span class='ocrx_word' id='word_1_225' title='bbox 702 2864 798 2926; x_wconf 85' lang='lat' dir='ltr'><strong>quae</strong></span> <span class='ocrx_word' id='word_1_226' title='bbox 823 2843 866 2908; x_wconf 87' lang='lat' dir='ltr'><strong>de</strong></span> <span class='ocrx_word' id='word_1_227' title='bbox 894 2841 956 2908; x_wconf 91' lang='lat' dir='ltr'><strong>his</strong></span> <span class='ocrx_word' id='word_1_228' title='bbox 986 2841 1183 2908; x_wconf 74' lang='lat' dir='ltr'>historiae</span> <span class='ocrx_word' id='word_1_229' title='bbox 1206 2841 1381 2907; x_wconf 81' lang='lat' dir='ltr'><strong>tradide-</strong></span> 
     </span>
     <span class='ocr_line' id='line_1_26' title="bbox 219 2947 1380 3035; baseline -0.002 -19"><span class='ocrx_word' id='word_1_230' title='bbox 219 2951 323 3034; x_wconf 91' lang='lat' dir='ltr'><strong>runt,</strong></span> <span class='ocrx_word' id='word_1_231' title='bbox 345 2949 539 3035; x_wconf 81' lang='lat' dir='ltr'><strong>ignorent.</strong></span> <span class='ocrx_word' id='word_1_232' title='bbox 585 2947 667 3024; x_wconf 85' lang='lat' dir='ltr'><strong>Quo</strong></span> <span class='ocrx_word' id='word_1_233' title='bbox 689 2949 733 3014; x_wconf 87' lang='lat' dir='ltr'><strong>de</strong></span> <span class='ocrx_word' id='word_1_234' title='bbox 756 2971 795 3014; x_wconf 88' lang='lat' dir='ltr'><strong>re</strong></span> <span class='ocrx_word' id='word_1_235' title='bbox 827 2949 866 3015; x_wconf 93' lang='lat' dir='ltr'><strong>in</strong></span> <span class='ocrx_word' id='word_1_236' title='bbox 888 2948 950 3016; x_wconf 93' lang='lat' dir='ltr'><strong>his</strong></span> <span class='ocrx_word' id='word_1_237' title='bbox 974 2949 1282 3034; x_wconf 80' lang='lat' dir='ltr'><strong>quaestionibus</strong></span> <span class='ocrx_word' id='word_1_238' title='bbox 1306 2971 1380 3015; x_wconf 90' lang='lat' dir='ltr'><strong>non</strong></span> 
     </span>
     <span class='ocr_line' id='line_1_27' title="bbox 219 3055 1381 3145; baseline -0.001 -22"><span class='ocrx_word' id='word_1_239' title='bbox 219 3055 390 3123; x_wconf 77' lang='lat' dir='ltr'><strong>alienum</strong></span> <span class='ocrx_word' id='word_1_240' title='bbox 428 3059 486 3120; x_wconf 85' lang='lat' dir='ltr'><strong>est</strong></span> <span class='ocrx_word' id='word_1_241' title='bbox 523 3057 726 3140; x_wconf 79' lang='lat' dir='ltr'><strong>copiosius</strong></span> <span class='ocrx_word' id='word_1_242' title='bbox 764 3057 970 3122; x_wconf 82' lang='lat' dir='ltr'>disserere.</span> <span class='ocrx_word' id='word_1_243' title='bbox 1027 3055 1220 3123; x_wconf 89' lang='lat' dir='ltr'><strong>Nonnulli</strong></span> <span class='ocrx_word' id='word_1_244' title='bbox 1257 3058 1381 3145; x_wconf 82' lang='lat' dir='ltr'><strong>igitur</strong></span> 
     </span>
     <span class='ocr_line' id='line_1_28' title="bbox 219 3161 1378 3250; baseline 0 -20"><span class='ocrx_word' id='word_1_245' title='bbox 219 3163 402 3230; x_wconf 75' lang='lat' dir='ltr'><strong>obsolute</strong></span> <span class='ocrx_word' id='word_1_246' title='bbox 434 3161 491 3228; x_wconf 85' lang='lat' dir='ltr'><strong>itu</strong></span> <span class='ocrx_word' id='word_1_247' title='bbox 523 3161 670 3246; x_wconf 85' lang='lat' dir='ltr'><strong>dieunt,</strong></span> <span class='ocrx_word' id='word_1_248' title='bbox 707 3187 724 3228; x_wconf 91' lang='lat' dir='ltr'><strong>e</strong></span> <span class='ocrx_word' id='word_1_249' title='bbox 762 3163 875 3230; x_wconf 83' lang='lat' dir='ltr'><strong>Jovis&#39;</strong></span> <span class='ocrx_word' id='word_1_250' title='bbox 908 3165 1039 3250; x_wconf 77' lang='lat' dir='ltr'><strong>eapite</strong></span> <span class='ocrx_word' id='word_1_251' title='bbox 1076 3185 1163 3230; x_wconf 86' lang='lat' dir='ltr'><strong>eenr</strong></span> <span class='ocrx_word' id='word_1_252' title='bbox 1202 3165 1378 3250; x_wconf 76' lang='lat' dir='ltr'><strong>genitam</strong></span> 
     </span>
     <span class='ocr_line' id='line_1_29' title="bbox 219 3269 1380 3357; baseline 0.001 -20"><span class='ocrx_word' id='word_1_253' title='bbox 219 3291 303 3338; x_wconf 87' lang='lat' dir='ltr'><strong>esse</strong></span> <span class='ocrx_word' id='word_1_254' title='bbox 336 3291 476 3355; x_wconf 85' lang='lat' dir='ltr'><strong>neque,</strong></span> <span class='ocrx_word' id='word_1_255' title='bbox 507 3269 697 3355; x_wconf 90' lang='lat' dir='ltr'><strong>quomodo</strong></span> <span class='ocrx_word' id='word_1_256' title='bbox 731 3293 851 3357; x_wconf 80' lang='lat' dir='ltr'><strong>quare</strong></span> <span class='ocrx_word' id='word_1_257' title='bbox 883 3272 1038 3338; x_wconf 76' lang='lat' dir='ltr'><strong>ratione</strong></span> <span class='ocrx_word' id='word_1_258' title='bbox 1070 3271 1108 3338; x_wconf 89' lang='lat' dir='ltr'><strong>id</strong></span> <span class='ocrx_word' id='word_1_259' title='bbox 1137 3269 1286 3338; x_wconf 80' lang='lat' dir='ltr'><strong>feotur&#39;n</strong></span> <span class='ocrx_word' id='word_1_260' title='bbox 1316 3273 1380 3356; x_wconf 86' lang='lat' dir='ltr'><strong>sit,</strong></span> 
     </span>
     <span class='ocr_line' id='line_1_30' title="bbox 218 3375 1379 3467; baseline 0 -23"><span class='ocrx_word' id='word_1_261' title='bbox 218 3377 434 3464; x_wconf 80' lang='lat' dir='ltr'><strong>explicant3</strong></span> <span class='ocrx_word' id='word_1_262' title='bbox 461 3375 657 3444; x_wconf 81' lang='lat' dir='ltr'><strong>Hesiodus</strong></span> <span class='ocrx_word' id='word_1_263' title='bbox 685 3401 777 3445; x_wconf 88' lang='lat' dir='ltr'><strong>vero</strong></span> <span class='ocrx_word' id='word_1_264' title='bbox 805 3379 933 3444; x_wconf 86' lang='lat' dir='ltr'><strong>fusius</strong></span> <span class='ocrx_word' id='word_1_265' title='bbox 961 3401 1040 3446; x_wconf 89' lang='lat' dir='ltr'><strong>rem</strong></span> <span class='ocrx_word' id='word_1_266' title='bbox 1072 3379 1113 3445; x_wconf 93' lang='lat' dir='ltr'><strong>in</strong></span> <span class='ocrx_word' id='word_1_267' title='bbox 1136 3376 1379 3467; x_wconf 82' lang='lat' dir='ltr'><strong>Theogoniis</strong></span> 
     </span>
     <span class='ocr_line' id='line_1_31' title="bbox 218 3485 1376 3574; baseline 0.001 -22"><span class='ocrx_word' id='word_1_268' title='bbox 218 3485 483 3573; x_wconf 80' lang='lat' dir='ltr'><strong>persequitur,</strong></span> <span class='ocrx_word' id='word_1_269' title='bbox 511 3507 594 3550; x_wconf 88' lang='lat' dir='ltr'><strong>eum</strong></span> <span class='ocrx_word' id='word_1_270' title='bbox 623 3486 693 3551; x_wconf 83' lang='lat' dir='ltr'><strong>olii</strong></span> <span class='ocrx_word' id='word_1_271' title='bbox 722 3487 761 3552; x_wconf 95' lang='lat' dir='ltr'><strong>in</strong></span> <span class='ocrx_word' id='word_1_272' title='bbox 783 3485 1011 3574; x_wconf 79' lang='lat' dir='ltr'><strong>Theogonis</strong></span> <span class='ocrx_word' id='word_1_273' title='bbox 1038 3491 1165 3554; x_wconf 85' lang='lat' dir='ltr'><strong>ortum</strong></span> <span class='ocrx_word' id='word_1_274' title='bbox 1194 3485 1290 3552; x_wconf 80' lang='lat' dir='ltr'><strong>duee</strong></span> <span class='ocrx_word' id='word_1_275' title='bbox 1320 3488 1376 3553; x_wconf 83' lang='lat' dir='ltr'><strong>ita</strong></span> 
     </span>
     <span class='ocr_line' id='line_1_32' title="bbox 218 3593 1379 3680; baseline -0.002 -19"><span class='ocrx_word' id='word_1_276' title='bbox 218 3595 409 3678; x_wconf 84' lang='lat' dir='ltr'><strong>seribsnt,</strong></span> <span class='ocrx_word' id='word_1_277' title='bbox 444 3593 580 3660; x_wconf 79' lang='lat' dir='ltr'><strong>Jovem</strong></span> <span class='ocrx_word' id='word_1_278' title='bbox 618 3593 784 3678; x_wconf 88' lang='lat' dir='ltr'><strong>primum</strong></span> <span class='ocrx_word' id='word_1_279' title='bbox 813 3615 896 3660; x_wconf 85' lang='lat' dir='ltr'><strong>eum</strong></span> <span class='ocrx_word' id='word_1_280' title='bbox 929 3593 1087 3680; x_wconf 71' lang='lat' dir='ltr'><strong>Metius,</strong></span> <span class='ocrx_word' id='word_1_281' title='bbox 1125 3593 1264 3660; x_wconf 87' lang='lat' dir='ltr'><strong>deinde</strong></span> <span class='ocrx_word' id='word_1_282' title='bbox 1299 3617 1379 3661; x_wconf 87' lang='lat' dir='ltr'><strong>oum</strong></span> 
     </span>
     <span class='ocr_line' id='line_1_33' title="bbox 218 3699 1379 3787; baseline -0.001 -18"><span class='ocrx_word' id='word_1_283' title='bbox 218 3701 403 3770; x_wconf 86' lang='lat' dir='ltr'><strong>Themide</strong></span> <span class='ocrx_word' id='word_1_284' title='bbox 432 3699 716 3767; x_wconf 84' lang='lat' dir='ltr'><strong>cousuetudine</strong></span> <span class='ocrx_word' id='word_1_285' title='bbox 745 3701 884 3768; x_wconf 82' lang='lat' dir='ltr'><strong>habita</strong></span> <span class='ocrx_word' id='word_1_286' title='bbox 913 3725 995 3768; x_wconf 82' lang='lat' dir='ltr'><strong>earu</strong></span> <span class='ocrx_word' id='word_1_287' title='bbox 1030 3723 1280 3787; x_wconf 78' lang='lat' dir='ltr'><strong>procreasse,</strong></span> <span class='ocrx_word' id='word_1_288' title='bbox 1309 3701 1379 3768; x_wconf 85' lang='lat' dir='ltr'><strong>alii</strong></span> 
     </span>
     <span class='ocr_line' id='line_1_34' title="bbox 219 3807 1379 3894; baseline 0 -18"><span class='ocrx_word' id='word_1_289' title='bbox 219 3809 338 3876; x_wconf 86' lang='lat' dir='ltr'><strong>uliter</strong></span> <span class='ocrx_word' id='word_1_290' title='bbox 376 3809 458 3876; x_wconf 88' lang='lat' dir='ltr'><strong>eius</strong></span> <span class='ocrx_word' id='word_1_291' title='bbox 491 3807 790 3894; x_wconf 81' lang='lat' dir='ltr'><strong>generationem</strong></span> <span class='ocrx_word' id='word_1_292' title='bbox 823 3809 1014 3890; x_wconf 85' lang='lat' dir='ltr'><strong>referunt,</strong></span> <span class='ocrx_word' id='word_1_293' title='bbox 1052 3831 1137 3876; x_wconf 87' lang='lat' dir='ltr'><strong>curn</strong></span> <span class='ocrx_word' id='word_1_294' title='bbox 1170 3810 1379 3876; x_wconf 87' lang='lat' dir='ltr'><strong>eontentio</strong></span> 
     </span>
     <span class='ocr_line' id='line_1_35' title="bbox 218 3913 1379 4001; baseline -0.001 -18"><span class='ocrx_word' id='word_1_295' title='bbox 218 3917 324 3984; x_wconf 87' lang='lat' dir='ltr'><strong>inter</strong></span> <span class='ocrx_word' id='word_1_296' title='bbox 358 3915 497 3984; x_wconf 85' lang='lat' dir='ltr'><strong>Jovem</strong></span> <span class='ocrx_word' id='word_1_297' title='bbox 535 3917 573 3978; x_wconf 89' lang='lat' dir='ltr'><strong>et</strong></span> <span class='ocrx_word' id='word_1_298' title='bbox 603 3913 796 3982; x_wconf 87' lang='lat' dir='ltr'><strong>Junonem</strong></span> <span class='ocrx_word' id='word_1_299' title='bbox 834 3921 919 3984; x_wconf 82' lang='lat' dir='ltr'><strong>ortu</strong></span> <span class='ocrx_word' id='word_1_300' title='bbox 957 3921 1073 4001; x_wconf 89' lang='lat' dir='ltr'><strong>esset,</strong></span> <span class='ocrx_word' id='word_1_301' title='bbox 1111 3917 1220 3983; x_wconf 79' lang='lat' dir='ltr'><strong>illurn</strong></span> <span class='ocrx_word' id='word_1_302' title='bbox 1259 3939 1303 3984; x_wconf 84' lang='lat' dir='ltr'><strong>ex</strong></span> <span class='ocrx_word' id='word_1_303' title='bbox 1341 3939 1379 3984; x_wconf 92' lang='lat' dir='ltr'><strong>se</strong></span> 
     </span>
     <span class='ocr_line' id='line_1_36' title="bbox 219 4021 1378 4110; baseline -0.003 -20"><span class='ocrx_word' id='word_1_304' title='bbox 219 4023 449 4110; x_wconf 80' lang='lat' dir='ltr'><strong>Vulcanum,</strong></span> <span class='ocrx_word' id='word_1_305' title='bbox 488 4023 624 4089; x_wconf 80' lang='lat' dir='ltr'><strong>Joveur</strong></span> <span class='ocrx_word' id='word_1_306' title='bbox 662 4021 876 4091; x_wconf 74' lang='lat' dir='ltr'><strong>Minervam</strong></span> <span class='ocrx_word' id='word_1_307' title='bbox 919 4047 964 4091; x_wconf 85' lang='lat' dir='ltr'><strong>ex</strong></span> <span class='ocrx_word' id='word_1_308' title='bbox 1004 4025 1194 4092; x_wconf 78' lang='lat' dir='ltr'><strong>devorata</strong></span> <span class='ocrx_word' id='word_1_309' title='bbox 1235 4023 1378 4090; x_wconf 86' lang='lat' dir='ltr'><strong>Metide</strong></span> 
     </span>
     <span class='ocr_line' id='line_1_37' title="bbox 147 4127 1378 4224; baseline 0.002 -28"><span class='ocrx_word' id='word_1_310' title='bbox 147 4215 150 4224; x_wconf 16' lang='grc' dir='ltr'><em>ι</em></span> <span class='ocrx_word' id='word_1_311' title='bbox 219 4131 411 4218; x_wconf 82' lang='lat' dir='ltr'><strong>genuisse.</strong></span> <span class='ocrx_word' id='word_1_312' title='bbox 466 4127 627 4196; x_wconf 84' lang='lat' dir='ltr'><strong>Metidis</strong></span> <span class='ocrx_word' id='word_1_313' title='bbox 662 4130 763 4196; x_wconf 88' lang='lat' dir='ltr'><strong>enim</strong></span> <span class='ocrx_word' id='word_1_314' title='bbox 796 4131 1002 4200; x_wconf 84' lang='lat' dir='ltr'><strong>devoratio</strong></span> <span class='ocrx_word' id='word_1_315' title='bbox 1036 4137 1076 4198; x_wconf 91' lang='lat' dir='ltr'><strong>et</strong></span> <span class='ocrx_word' id='word_1_316' title='bbox 1108 4131 1310 4198; x_wconf 77' lang='lat' dir='ltr'><strong>Minervae</strong></span> <span class='ocrx_word' id='word_1_317' title='bbox 1340 4133 1378 4198; x_wconf 89' lang='lat' dir='ltr'><strong>in</strong></span> 
     </span>
     <span class='ocr_line' id='line_1_38' title="bbox 218 4237 1379 4326; baseline 0.002 -22"><span class='ocrx_word' id='word_1_318' title='bbox 218 4237 332 4306; x_wconf 84' lang='lat' dir='ltr'><strong>Jovis</strong></span> <span class='ocrx_word' id='word_1_319' title='bbox 352 4260 512 4324; x_wconf 79' lang='lat' dir='ltr'><strong>corpore</strong></span> <span class='ocrx_word' id='word_1_320' title='bbox 533 4237 739 4322; x_wconf 78' lang='lat' dir='ltr'><strong>gesseratio</strong></span> <span class='ocrx_word' id='word_1_321' title='bbox 759 4237 798 4304; x_wconf 92' lang='lat' dir='ltr'><strong>in</strong></span> <span class='ocrx_word' id='word_1_322' title='bbox 817 4243 982 4326; x_wconf 87' lang='lat' dir='ltr'><strong>utroque</strong></span> <span class='ocrx_word' id='word_1_323' title='bbox 1001 4239 1180 4306; x_wconf 82' lang='lat' dir='ltr'><strong>oratione</strong></span> <span class='ocrx_word' id='word_1_324' title='bbox 1200 4237 1379 4308; x_wconf 83' lang='lat' dir='ltr'><strong>hebetur.</strong></span> 
     </span>
     <span class='ocr_line' id='line_1_39' title="bbox 220 4343 1377 4430; baseline 0 -16"><span class='ocrx_word' id='word_1_325' title='bbox 220 4343 292 4414; x_wconf 71' lang='lat' dir='ltr'><strong>Sul</strong></span> <span class='ocrx_word' id='word_1_326' title='bbox 321 4345 513 4412; x_wconf 80' lang='lat' dir='ltr'><strong>differunt</strong></span> <span class='ocrx_word' id='word_1_327' title='bbox 547 4343 584 4408; x_wconf 89' lang='lat' dir='ltr'><strong>iu</strong></span> <span class='ocrx_word' id='word_1_328' title='bbox 616 4367 675 4426; x_wconf 89' lang='lat' dir='ltr'><strong>eo,</strong></span> <span class='ocrx_word' id='word_1_329' title='bbox 709 4365 783 4430; x_wconf 87' lang='lat' dir='ltr'><strong>quo</strong></span> <span class='ocrx_word' id='word_1_330' title='bbox 816 4345 926 4412; x_wconf 80' lang='lat' dir='ltr'><strong>niodo</strong></span> <span class='ocrx_word' id='word_1_331' title='bbox 955 4347 1051 4414; x_wconf 81' lang='lat' dir='ltr'><strong>haee</strong></span> <span class='ocrx_word' id='word_1_332' title='bbox 1080 4345 1263 4414; x_wconf 83' lang='lat' dir='ltr'><strong>eorrfeetu</strong></span> <span class='ocrx_word' id='word_1_333' title='bbox 1296 4349 1377 4416; x_wconf 83' lang='lat' dir='ltr'><strong>fue·</strong></span> 
     </span>
    </p>
   </div>
   <div class='ocr_carea' id='block_1_7' title="bbox 0 0 1496 5014">
    <p class='ocr_par' dir='ltr' id='par_1_7' title="bbox 0 0 1496 5014">
     <span class='ocr_line' id='line_1_40' title="bbox 0 0 1496 5014; baseline 0 0"><span class='ocrx_word' id='word_1_334' title='bbox 0 0 1496 5014; x_wconf 95' lang='lat' dir='ltr'><strong> </strong></span> 
     </span>
    </p>
   </div>
  </div>
 </body>
</html>
