2992 5034
695 345 941 414 ..550-

234 507 332 579 ίόντα
355 505 419 577 δύο
443 505 581 596 στόματα
608 503 653 594 μὴ
678 508 766 592 δρᾶν
787 505 844 574 καὶ
871 503 1014 593 πάσχειν
1036 509 1084 585 είς
1112 502 1248 592 ἄλληλα.
1287 505 1402 572 δέδει-

234 639 308 686 κται
331 613 396 704 γὰρ
419 613 462 704 δὴ
481 615 536 684 καί
559 610 659 683 τοῦθ’
688 609 768 701 ἡμῖν
786 613 824 680 ἐν
843 613 952 701 ἐκείνῃ
976 615 1017 702 τῇ
1039 619 1248 704 πραγματείᾳ
1268 613 1327 680 καὶ
1354 609 1404 692 ὦς

232 723 271 793 τό
295 721 514 812 ἰσχυρότερον
535 727 613 812 νικᾷ
635 722 691 791 καὶ
714 720 912 809 μεταβάλλει
935 721 1095 810 θάτερον.
1131 719 1243 810 ὥσπερ
1265 712 1332 790 οὖν
1356 718 1398 788 τὸ

206 834 293 919 «τῆς
315 829 460 918 γαστρὸς
481 837 645 912 λείψανον
663 827 853 916 ἐπιτήδειον
875 835 1003 916 γίνεται
1026 834 1071 922 τῷ
1093 829 1204 918 ἥπατι,
1226 828 1307 897 κατὰ
1333 855 1404 896 τον

167 935 341 1010 &Scitin
362 937 491 1026 τρόπον
513 951 584 1032 τοῖς
602 934 680 1026 μεθ’
704 929 791 1024 ἧπαρ
810 935 913 1006 ἅπασι
936 936 974 1007 τὸ
994 938 1119 1007 τούτου
1141 937 1246 1006 πάλιν
1265 937 1270 1026 Ι
1290 933 1406 1005 αὐτοῦ

234 1045 391 1136 περιττὸν
418 1043 498 1115 οὐδὲ
527 1035 591 1115 οὖν
619 1041 700 1114 οὐδὲ
728 1041 836 1114 αὐτοῦ
862 1050 924 1116 τοῦ
955 1042 1083 1132 ἥπατος
1114 1045 1257 1114 ἐκείνων
1283 1045 1408 1113 ἕνεκεν

234 1151 483 1234 όλλοιιόσαντος
513 1150 577 1242 τὴν
609 1151 758 1240 τροφήν,
795 1149 881 1222 ἀλλὰ
913 1150 994 1222 καθ’
1033 1149 1077 1222 ὃν
1108 1162 1231 1240 είρριατ
1257 1151 1407 1240 τρόπον.

234 1259 334 1352 ἡνίκα
366 1259 634 1352 μεταβόλλοντός
664 1287 698 1330 τε
732 1261 787 1328 καὶ
824 1257 1045 1341 ἀλλοιοῦντος
1077 1261 1324 1346 ἐπιτηδειοτέρα
1362 1257 1407 1326 ἐν

233 1373 319 1462 τῷδε
350 1374 478 1457 γίνεται
509 1383 581 1449 τοῖς
612 1365 690 1456 μεθ’
727 1359 814 1456 ἧπαρ
846 1375 988 1456 μορίοις.
1045 1365 1092 1449 ὦς
1123 1370 1189 1456 γαρ
1221 1364 1304 1436 αὐτὸ
1335 1365 1404 1435 διὰ

194 1498 220 1537 1⁰
233 1481 303 1546 τῶν
329 1481 466 1566 φλεβῶν
498 1480 652 1546 εἵλκυσεν
684 1478 720 1545 ἐκ
746 1477 890 1565 ναστρός
916 1503 951 1545 τε
979 1478 1033 1544 καί
1061 1480 1131 1545 τῶν
1159 1477 1306 1564 ἐντέρων
1331 1473 1405 1562 τὴν

232 1583 381 1674 τροφήν,
404 1581 522 1670 οὕτως,
546 1583 609 1653 ὅσα
637 1585 717 1672 μετὰ
752 1585 860 1653 ἐκεῖνο
883 1586 1051 1670 τέτακται,
1080 1582 1137 1652 διὰ
1166 1581 1281 1652 ἄλλων
1306 1584 1401 1652 ἕλκει

233 1697 370 1782 φλεβῶν
398 1698 446 1773 είς
473 1691 574 1762 ἑαυτὰ
602 1691 739 1761 κᾶπειτα
772 1685 876 1773 αὖθις
907 1693 1004 1779 ἕτερα
1034 1693 1090 1760 καί
1122 1695 1224 1761 τοῦτο
1254 1687 1401 1778 ὑπάρχει

233 1801 435 1890 γινόμενον,
459 1799 598 1888 ἅχριπερ
622 1795 666 1868 ἂν
689 1805 737 1881 είς
760 1798 851 1868 ἅπαν
878 1797 1037 1890 ἀφίκηται
1065 1803 1128 1869 τοῦ
1158 1797 1246 1890 ζῴου
1271 1797 1403 1886 μόριον

231 1905 254 2003 ἡ
272 1907 397 1996 τροφή·
420 1907 660 1995 παρασκευάζει
680 1908 717 1976 δὲ
737 1909 879 1977 ἕκαστον
902 1905 954 1976 ἀεὶ
975 1909 1032 1976 καὶ
1051 1909 1224 1995 προπὲττει
1248 1910 1294 1998 τῷ
1311 1903 1398 2042 {st:

193 2014 317 2085 natet
349 2013 432 2084 κατὰ
464 2013 503 2084 τὸ
531 2014 668 2102 συνεχὲς
699 2043 757 2103 της
791 2015 984 2095 διαδόσεως.
1039 2012 1147 2096 οὕτως
1178 2006 1243 2083 οὖν
1269 2017 1327 2084 καί
1355 2015 1399 2083 τὸ

232 2114 322 2213 ἧπαρ
344 2137 530 2210 παρομοιοῑ
549 2122 611 2192 τὸν
630 2124 726 2190 ἐκ
688 2150 747 2210 της
765 2129 894 2204 κοιλίας
910 2121 1127 2192 ἀναδοθέντα
1145 2121 1292 2212 χυλὸν
1274 2127 1399 2216 εαυτοῑ,

172 2388 177 2396 ’
241 2387 399 2482 δόσπερ
418 2383 523 2450 οόν-
543 2389 690 2462 περιττόνς
710 2392 745 2448 cf.
761 2393 872 2449 Oribas.
890 2393 911 2452 l.
929 2392 949 2449 l.
967 2399 1095 2458 528.-
1113 2387 1249 2464 καθάπερ
1267 2389 1332 2480 χεὶρ
1343 2412 1400 2465 pro

232 2461 328 2537 ὥσπερ
350 2485 404 2521 ουν
427 2465 561 2520 Orin-
528 2461 758 2532 -4ττεριττόν
780 2483 832 2535 pro
855 2467 995 2531 λείψανον
1019 2465 1155 2520 οτἰλ).-
1181 2462 1290 2535 δυετᾶ
1316 2457 1399 2534 ἧπαρ

232 2539 362 2596 Oria-
387 2533 459 2592 αντό
479 2535 575 2593 M.-
542 2539 730 2605 -Ίείρηκε
752 2536 955 2622 unnen-
980 2519 1233 2606 8ἒπιτηδειότερα
1251 2535 1398 2592 Asscnx.

233 2617 321 2666 -14
339 2605 372 2666 τὸ
392 2604 464 2681 μεθ’
485 2603 555 2663 uiti
576 2607 657 2664 codd
677 2609 740 2664 edd.
764 2611 854 2680 τῷμ.
874 2604 937 2663 αότ.
957 2607 1055 2676 Coras
1081 2609 1117 2664 cf.
1136 2608 1222 2664 Prcll.
1246 2627 1274 2680 p.
1294 2615 1339 2664 ⁸1.
1363 2641 1398 2650 -

231 2885 300 2950 vim
323 2885 410 2950 inter
432 2905 467 2950 se
485 2881 630 2949 habeant
653 2883 895 2969 patianturque,
919 2883 953 2949 id
971 2881 1056 2968 quod
1081 2881 1141 2949 illo
1164 2903 1263 2968 opere
1287 2881 1400 2968 docui

232 2991 319 3058 sicut
342 2991 442 3057 ctiam
470 2990 566 3076 illud,
597 2989 716 3057 fortius
751 2991 890 3056 alterum
922 2990 1051 3056 vincere
1085 2995 1183 3074 atque
1206 2991 1400 3058 immutate.

233 3097 550 3177 Quemadmodum
541 3099 644 3184 igitur
671 3102 794 3165 ventris
817 3097 1013 3186 reliquiae'
1003 3097 1117 3180 iecori,
1145 3097 1260 3163 codem
1284 3099 1400 3182 ιιιοδο,

232 3205 320 3292 quod
343 3229 363 3272 a
385 3205 503 3272 iecon's
531 3205 689 3271 alimento
717 3229 829 3272 rursus
857 3227 1134 3293 supervacaneum
1161 3211 1226 3290 est,
1256 3206 1398 3292 reliquis

233 3313 385 3380 omnibus
423 3312 706 3380 accommodatum
739 3315 790 3398 fit,
826 3335 1025 3400 quamquam
1064 3313 1175 3398 utique
1207 3335 1248 3378 ne
1280 3314 1395 3398 ipsum
1491 3335 1492 3356 ι

231 3421 395 3509 quidem
385 3443 475 3486 iecur
497 3421 629 3487 iliorum
649 3443 748 3487 causa
765 3423 1002 3488 nutrimentum
1020 3421 1221 3493 immutavit
1244 3421 1302 3487 sed
1325 3445 1395 3508 quo

231 3529 300 3596 dixi
326 3527 424 3596 mado
448 3551 500 3594 res
523 3529 623 3595 cedit:
656 3529 733 3594 dum
757 3535 866 3595 mutat
894 3537 927 3594 et
954 3529 1104 3614 invertit,
1131 3529 1258 3596 interea
1282 3533 1394 3618 magis
1491 3545 1492 3576 ι

232 3637 386 3705 idoneum
410 3637 450 3704 ad
475 3637 557 3704 alias
581 3642 692 3724 partes
717 3637 850 3703 alendas
878 3639 923 3704 fit.
971 3637 1015 3704 Ut
1046 3637 1134 3702 enim
1162 3637 1254 3704 iecur
1280 3639 1392 3726 ipsum

231 3769 291 3834 per
313 3767 413 3812 venas
436 3750 507 3827 tum
531 3769 549 3812 c
572 3750 694 3830 ventre,
717 3751 788 3810 tum
813 3769 850 3810 ex
874 3745 1039 3811 intestinis
1063 3745 1256 3812 alimentum
1280 3749 1394 3825 traxit,

198 3855 204 3862 ’
231 3855 281 3921 ita
304 3875 356 3938 ca,
382 3875 466 3939 quac
488 3858 566 3940 post
593 3853 674 3919 illud
699 3855 880 3919 constituta
907 3857 998 3938 sunt,
1025 3874 1085 3938 per
1111 3851 1194 3918 alias
1222 3875 1325 3919 venas
1347 3855 1391 3919 ad

231 3983 267 4028 sc
290 3959 610 4048 trahunt,.deinceps
634 3983 746 4026 rursus
771 3961 836 4026 alia
859 3965 957 4046 atque
980 3961 1043 4026 hoc
1066 3959 1136 4026 fieri
1159 3961 1259 4048 solet,
1282 3963 1391 4049 quoad

231 4070 266 4136 in
298 4091 412 4136 omnes
440 4069 593 4134 cicimalis
621 4073 732 4155 partes
762 4069 955 4134 alimentum
982 4069 1179 4154 pervenerit3
1211 4075 1392 4157 praeparat

232 4180 343 4244 autem
362 4199 492 4263 semper
510 4181 543 4242 et
561 4178 753 4262 praecoquit
771 4177 944 4243 materiam
963 4199 1176 4262 unaquaeque
1194 4199 1273 4261 pars
1293 4179 1390 4246 alteri

231 4285 380 4373 sequenti
400 4285 576 4352 secundum
590 4286 780 4351 continuam
800 4285 892 4351 illam
910 4283 1121 4372 dispensandi
1139 4287 1390 4354 successionem.

185 4457 188 4462 .
229 4391 357 4460 Eodem
385 4393 482 4459 modo
513 4393 601 4458 iecur
634 4417 766 4460 succum
794 4417 812 4456 e
841 4399 953 4460 ventre
980 4393 1139 4459 traditum
1168 4393 1271 4460 efficit
1299 4395 1389 4462 simi·
