2992 5034
623 361 666 374 -
702 323 779 392 '453
825 361 871 374 -
956 321 967 344 ⁶

142 481 354 570 τρέφοντες,
379 482 459 566 τοὺς
482 483 518 554 di
543 484 802 574 θυμικωτέρους
828 485 883 554 καὶ
907 486 1137 576 μανικώτερον
1164 486 1317 581 ᾄττοιτε..

145 590 183 657 έν
205 605 286 672 ταῖς
312 593 494 674 ἐναντίαις.
540 593 610 662 ἐπεὶ
635 590 692 662 aab
716 597 751 662 τί
770 592 855 681 πρὸς
877 598 981 682 θεῶν,
1005 596 1162 686 ἐρωτήσω
1185 595 1251 686 γίιρ
1275 603 1323 667 ἐτι

141 701 250 768 τοῦτο
280 700 367 782 τοὺς
394 698 459 772 άπὸ
488 706 550 772 τοῦ
579 707 797 788 Χρυσίππου,
825 701 957 791 Δάμων
984 701 1003 772 ὁ
1031 705 1193 792 μουσικὸς
1220 703 1320 794 αι’·λη-

142 810 236 892 τρίόι
269 809 550 899 παραγενόμενος
577 805 728 900 αὐλοάση
761 807 799 878 τὸ
831 809 985 899 Φρύγιον
1016 819 1206 896 νεανίσκοις
1231 817 1312 884 ruci:

144 917 358 1004 οἰνωμένοις
379 919 435 986 καὶ
459 917 583 1007 μανικὰ
607 915 689 985 άττα
709 920 1007 1008 διαπραττομένοις
1025 921 1197 992 ἐκέλευσεν
1220 919 1320 1010 αὐλή·

143 1041 203 1090 σαι
223 1021 266 1094 τὸ
290 1025 443 1114 Δω’ριον,
466 1029 503 1096 oi
524 1025 560 1095 di
581 1022 686 1106 εὐθὺς
704 1025 893 1094 ἐπαύσαντο
912 1030 971 1115 τῆς
990 1027 1178 1116 ἐμπλήκτου
1196 1033 1320 1118 φορεῖα

144 1125 188 1199 ori
222 1131 296 1223 γὰρ
329 1133 442 1224 δήπου
472 1132 533 1216 τάς
565 1133 666 1216 δόξας
697 1135 759 1203 τοῦ
792 1139 986 1222 λογιστικοῦ
1018 1137 1320 1224 μετιιὸιὸάσκοντιυ,

143 1238 234 1324 πρὸς
259 1245 331 1312 τῶν
355 1239 576 1332 αὐλημάτων,
599 1240 684 1312 ἀλλὰ
706 1239 744 1310 τὸ
768 1239 960 1330 παθητικὸν
982 1246 1041 1331 rire
1065 1249 1171 1333 ψυχῆς
1194 1245 1295 1334 dioro

143 1342 309 1438 ὑπάρχον
332 1352 564 1440 ἐπεγείρονταί
587 1377 622 1420 τε
649 1349 706 1418 καὶ
734 1349 943 1438 πραΰνονται
967 1349 1024 1420 διά
1052 1351 1219 1440 κινήσεων
1243 1351 1301 1422 dt*

145 1481 231 1540 γιον.
280 1463 326 1552 τῷ
350 1457 501 1548 μὲνγὰρ
525 1455 636 1550 άλόγςο
661 1456 717 1526 διά
741 1461 810 1526 τῶν
833 1453 969 1546 άλόγων
994 1457 1013 1548 ἦ
1035 1485 1070 1529 τε
1093 1457 1238 1548 ὠφέλεια

145 1559 165 1651 ἡ
191 1566 324 1654 βλάβη,
347 1570 393 1660 τῷ
417 1571 540 1661 λογικῷ
570 1567 606 1636 dt
635 1565 691 1636 διὰ
716 1563 897 1654 ἐπιστήμης
923 1568 1036 1636 τεκαὶ
1060 1563 1218 1656 ἀμαθίας.

144 1676 259 1742 ταῦτα
282 1667 347 1747 οὖν
370 1677 407 1744 ἐκ
429 1679 488 1764 τής
510 1679 579 1746 τῶν
601 1678 725 1744 παθῶν
747 1678 856 1755 αι’τίας
878 1681 1089 1763 γνωσθείσης
1111 1673 1303 1766 danielo-32¹

146 1803 261 1870 φησιν
287 1779 376 1872 ἡμᾶς
402 1780 421 1853 d
450 1781 683 1863 Ποσειδώνιος
709 1781 765 1852 καὶ
797 1782 934 1870 προσέτι
967 1781 1024 1852 ’τά
1052 1785 1281 1875 ὁιαποροάμιυ

147 1898 242 1980 φησί
261 1890 348 1980 ’περὶ
371 1894 431 1980 τῆς
454 1892 490 1961 ἐκ
512 1890 647 1972 πάθους
665 1887 771 1979 ὁρμής
789 1890 971 1978 ἐξίφηνεν.’
1008 1888 1078 1960 εἶτα
1099 1889 1211 1978 αὐτός,
1235 1893 1271 1961 is·

147 1998 233 2068 ποτὲ
251 1997 338 2070 αὐτά
357 1999 459 2085 ἐστιν,
479 1999 648 2087 ἐπιφέρων
668 1999 830 2086 ἐξηγεῖται
849 1997 948 2068 τόνδε
966 1997 1028 2068 τὸν
1046 1998 1186 2088 τρόπον·
1212 2001 1273 2088 λάμ

149 2103 242 2196 γάρ,
260 2105 313 2178 ὅτι
331 2105 435 2176 πάλαι
453 2107 600 2195 βλέπετε,
617 2110 688 2188 πῶς
706 2105 763 2176 ded
782 2105 888 2193 λόγον
905 2105 969 2196 μὲν
982 2109 1175 2190 πεισθέντες
1192 2109 1274 2178 arai

188 2295 206 2344 8
226 2283 293 2352 τοὺς
310 2283 369 2344 άπὸ
385 2287 417 2344 L.
437 2318 473 2330 -
492 2293 509 2342 4
528 2286 726 2350 νεανίοκοιςΙι
746 2287 837 2351 νεανί,
855 2287 985 2354 (fortuma
1004 2304 1038 2342 ex
1057 2289 1148 2358 τεοινί,
1167 2289 1186 2345 i.
1206 2306 1229 2344 c.
1250 2310 1300 2344 εἰ..

150 2361 229 2424 τίαις
246 2365 357 2423 natum)
376 2360 406 2416 M
424 2361 551 2420 νεανίαις
569 2359 622 2414 ΑΒ
641 2361 770 2421 νεανίαις
789 2357 868 2414 cun.
888 2389 922 2400 -
947 2367 962 2414 o
982 2353 1055 2414 citro
1073 2360 1104 2414 L.
1124 2391 1158 2402 -
1180 2369 1196 2416 o
1215 2355 1275 2426 οόρ·

150 2431 250 2488 ΜΔΒ.
274 2463 310 2476 -
334 2431 362 2488 οἳ
385 2425 414 2488 δ’
439 2429 478 2486 bl.
502 2461 538 2474 -
562 2439 593 2486 11
615 2426 761 2501 εάμαθίας
783 2429 949 2486 ΜΑΒΟὴΚ
972 2426 1103 2503 άμιιθίας
1127 2431 1208 2488 Corn.
1230 2433 1284 2488 L.-

155 2511 188 2560 n
209 2507 283 2594 φησί
302 2521 357 2560 om.
375 2503 415 2634 iii
439 2503 475 2560 cl.
493 2501 580 2559 Pron
604 2521 632 2574 p.
651 2511 693 2558 σο.
718 2531 753 2544 -
777 2497 927 2574 ἐμφανοῦς
950 2520 1002 2574 pro
1026 2497 1058 2558 ἐκ
1081 2499 1198 2568 πάθους
1223 2503 1253 2559 L,

155 2583 188 2633 lb
208 2597 282 2634 αντα
301 2593 358 2633 om.
400 2605 462 2632 .··-

152 2761 211 2828 riis
238 2763 352 2828 autem
379 2757 595 2824 animosiores
628 2755 834 2842 ferociusque
862 2757 1064 2824 exsultantes
1093 2757 1260 2826 educabis.

153 2867 239 2936 Nam
274 2889 333 2954 per
360 2866 439 2933 deos
467 2865 686 2932 immortales!
719 2865 797 2951 quid
829 2869 880 2932 est
912 2887 1029 2932 causac
1058 2903 1103 2914 -
1131 2868 1178 2934 ita
1208 2866 1271 2935 Cn„

153 2977 284 3065 sippum
317 2975 451 3060 eiusque
482 2977 604 3040 sectum
637 2973 850 3060 interrogabo
876 3011 935 3060 -‚
972 2997 1045 3058 cur,
1078 2997 1152 3042 cum
1181 2975 1259 3043 Da.

153 3085 297 3152 musicus
329 3081 502 3150 tibicinam
532 3081 794 3148 adulescentibus
823 3081 1019 3168 quibusdam
1047 3085 1234 3150 temulentis

152 3213 295 3280 sanaque
328 3190 503 3278 agentibus
536 3189 716 3276 Phrygium
750 3193 919 3256 canentem
950 3195 1078 3256 mutare
1110 3193 1243 3260 modum

153 3297 308 3368 Doricum
332 3297 497 3381 iussisset,
525 3298 575 3364 illi
600 3298 754 3364 continuo
779 3319 797 3362 a
826 3297 1000 3366 temerario
1024 3299 1149 3385 impetu
1178 3301 1259 3367 des:-

152 3407 239 3474 rint?
276 3403 442 3474 Nimirum
465 3427 532 3472 non
552 3405 591 3471 de
611 3405 821 3490 opinionibus
839 3405 1008 3472 facultatis
1028 3408 1200 3474 rationalis
1220 3410 1238 3472 d
1254 3439 1275 3452 ··

152 3515 225 3584 dere
254 3513 428 3582 cantilenis
458 3513 605 3598 discunt,
642 3513 712 3600 sed,
748 3535 821 3580 eum
854 3513 1025 3580 aflectibus
1057 3515 1199 3582 obnoxiu
1236 3551 1253 3576 .·
1288 3545 1291 3552 ·

87 3651 98 3666 ·
152 3623 253 3692 animi
277 3621 481 3690 irrationalis
505 3623 558 3706 sit,
581 3623 725 3688 motibus
750 3621 997 3688 irrationalibus
1021 3629 1054 3688 et
1073 3624 1237 3690 excitante

152 3733 315 3800 sedantur.
372 3727 570 3796 Inrationale
603 3731 691 3796 enim
729 3729 770 3796 ab
804 3729 1066 3814 irrationalibus,
1098 3733 1249 3799 rationu>

151 3839 288 3908 seientia
307 3843 342 3905 et
359 3838 491 3906 inscitia
511 3843 543 3904 et
563 3837 741 3904 utilitatem
756 3843 789 3903 et
809 3839 1040 3904 detrimentum
1055 3839 1185 3926 accipit.
1215 3861 1232 3904 ι

151 3955 183 4016 et
220 3949 283 4016 boc
320 3969 359 4014 ex
396 3945 527 4034 cognitu
566 3947 849 4032 perturbationum
886 3969 984 4012 caasa
1022 3947 1116 4012 nobis
1154 3971 1264 4013 acea..
1301 3977 1305 3987 ·

150 4057 406 4124 emolumentum
430 4053 478 4120 uit
499 4053 694 4122 Posidonius
719 4059 752 4120 et
775 4055 908 4138 insuper
931 4053 1176 4120 ‘dimicationes’
1200 4055 1287 4140 inqu·

150 4163 200 4232 ‘de
219 4165 504 4252 perturbationum
526 4163 727 4249 aplretitione
748 4159 957 4247 explanarit?
999 4161 1081 4228 Tum
1101 4161 1180 4247 ipse,
1200 4185 1236 4226 υ.
1257 4195 1273 4226 ·..

149 4273 238 4340 nodi
262 4273 340 4340 illae
363 4272 438 4358 sint,
461 4271 608 4338 declarat
630 4271 693 4358 his,
715 4293 798 4356 quae
823 4276 1015 4358 sequnntur,
1037 4269 1160 4336 uerbis:
1199 4267 1305 4335 ‘Eui-

150 4380 267 4448 stimo
290 4381 393 4448 enim
421 4379 644 4448 iamdudum
666 4401 732 4446 vos
756 4379 901 4464 uidere,
930 4384 972 4445 ut
993 4379 1036 4464 ii,
1063 4377 1126 4466 qui
1150 4379 1300 4445 ratione
