2982 5026
696 265 942 332 -594-

236 423 280 498 dv
308 429 416 497 ἕλοιτο
444 424 524 516 μήτε
554 423 686 510 πράξειε
717 423 798 514 μήτε
822 421 1036 512 θαρρήσειεν.
1083 419 1129 503 ὦς
1157 415 1222 492 οὖν
1251 421 1398 512 ὁλέγτιν

237 543 326 625 ἔχειν
354 533 439 624 ἡμᾶς
466 530 684 620 ὀφθαλμούς,
714 529 775 620 οὐχ
804 532 919 618 ε”τερόν
947 558 976 600 τι
1000 533 1088 617 λέγει
1117 535 1181 600 τοῦ
1209 531 1399 619 φάσκοντος

238 639 440 732 ἔχεινήμᾶς
467 633 559 720 ὦπας
590 637 606 707 i
635 639 780 729 ὄμματα,
808 639 961 726 καθάπερ
989 635 1071 708 οὐδὲ
1101 643 1132 706 ει’
1157 637 1295 706 τούτων
1323 637 1399 706 ἀπο-

236 751 390 839 χωρήσας
416 753 485 818 ττόν
511 745 690 835 ὀνομάτων
720 745 804 835 ἡμᾶς
833 754 921 834 ἔχειν
951 753 1035 834 φαίη
1065 745 1188 844 μόριον
1215 741 1398 830 ὀπτικὸνή

210 857 360 945 τμόριον
383 854 541 942 ὁρατικὸν
566 853 583 943 ή
614 854 763 942 ὄργανον
787 853 961 940 ὁρατικόν,
992 851 1101 932 οὕτως
1129 852 1147 921 ὁ
1177 854 1292 939 λέγων
1315 859 1400 940 ἔχειν

241 961 323 1054 ήμᾶς
351 963 535 1052 ἐπιστήμην
562 959 704 1050 ἀγαθῶν
726 988 760 1030 τε
790 963 844 1030 καὶ
874 965 986 1030 κακῶν
1015 955 1079 1048 οὐχ
1108 957 1223 1046 ἕτερόν
1253 988 1287 1028 τι
1315 963 1398 1046 λέγει

235 1076 298 1142 τοῦ
320 1071 510 1160 φάσκοντος
534 1070 718 1158 ἐπιστήμην
737 1071 897 1156 αι’ρετέων
920 1069 974 1136 καὶ
995 1065 1056 1154 οὐχ
1077 1069 1238 1154 αι’ρετέων
1265 1063 1285 1157 ἢ
1309 1095 1401 1152 ποιη-

235 1181 322 1249 τέων
344 1180 399 1248 καλ
424 1176 466 1248 οὐ
488 1180 654 1266 ποιητέων
680 1175 697 1266 ἢ
719 1179 919 1264 θαρραλέων
941 1177 995 1244 καὶ
1021 1171 1065 1244 οὐ
1083 1176 1290 1262 θαρραλέων
1313 1179 1400 1262 ἔχειν

209 1284 332 1376 οήμᾶς.
377 1281 521 1367 άπάσαις
544 1285 607 1374 γάρ
631 1283 768 1364 ταύταις
795 1299 867 1364 ταῖς
894 1286 1022 1366 λέξεσιν
1046 1280 1181 1370 ἀγαθὸν
1209 1283 1267 1351 καὶ
1296 1281 1401 1351 κακὸν

169 1397 324 1482 metipsi
348 1396 402 1463 καὶ
426 1393 508 1463 κατὰ
534 1391 639 1462 αι’·τὸν
662 1393 722 1461 τὸν
748 1393 753 1482 Ι
780 1391 991 1478 Χρύσιππον,
1021 1399 1055 1458 εἴ
1074 1417 1111 1477 γε
1136 1389 1177 1477 ὀὴ
1201 1395 1239 1458 τὸ
1266 1387 1402 1476 ἀγαθὸν

238 1499 320 1572 αὐτὸ
353 1501 462 1591 μόνον
499 1503 590 1570 ἐστὶν
627 1501 777 1587 αι’ρετεόν
810 1499 862 1568 καὶ
901 1497 1061 1584 ποιητέον
1099 1499 1154 1566 καὶ
1191 1499 1400 1584 θαρρητέον·

237 1609 322 1679 ὥστε
357 1609 420 1698 τήν
456 1613 524 1678 τῶν
561 1605 703 1694 ἀγαθῶν
741 1606 925 1694 ἐπιστήμην
962 1606 999 1672 έν
1032 1605 1213 1692 διαφόροις
1249 1602 1352 1684 ὕλαις
1385 1599 1402 1689 ri

237 1717 396 1804 πράξεσιν
434 1717 670 1804 ἐξεταζομένην
704 1713 853 1802 ὀνόματα
885 1719 986 1781 πλείω
1020 1712 1222 1799 λαμβάνειν,
1256 1713 1401 1780 ἕκαστον

239 1829 275 1894 έν
303 1827 347 1917 τῷ
376 1822 459 1910 πρός
486 1851 516 1892 τι
549 1823 631 1891 κατὰ
659 1821 721 1908 τήν
749 1820 836 1908 ὕλην
865 1817 882 1908 ή
914 1817 977 1908 τήν
1005 1823 1127 1906 πρᾶξιν
1155 1816 1401 1906 ὑφιστάμενον.

198 1929 347 2020 ιιάσπερ
376 1922 439 2000 οὖν
466 1929 531 2000 τὸν
563 1930 636 2018 περὶ
667 1933 735 1998 τῶν
763 1932 821 2015 τής
849 1931 956 2016 ψυχῆς
983 1923 1079 2016 ἡμῶν
1107 1931 1220 2016 μερῶν
1248 1925 1359 2014 λόγον
1386 1925 1402 1993 ὁ

275 2098 436 2162 ληαιίηιιν
458 2093 544 2146 515ss
565 2113 637 2160 ιτιιιη
657 2089 736 2146 Corn.
759 2089 891 2144 cun.-
916 2084 1095 2156 ὓέτερον
1068 2107 1099 2142 το
1120 2089 1210 2144 M.-
1235 2093 1315 2170 post
1323 2089 1370 2158 λε’·
1370 2109 1399 2142 nr

238 2169 311 2236 spot.
331 2181 390 2219 τοο
411 2166 507 2218 decem
527 2163 729 2224 fermelitter·
750 2141 1076 2286 ετηιιίτιιτέττιστήμην“
1068 2162 1154 2228 mM;
1175 2160 1250 2226 λέγει
1271 2155 1402 2228 φάσκοι·

238 2257 285 2299 τος
305 2231 392 2290 έπιστ.
414 2233 585 2290 ΛΒΟλιΚλ
609 2235 707 2300 τοῦφ.
729 2227 750 2290 l.
772 2251 889 2287 uos-
915 2237 946 2286 13
967 2203 1172 2302 έξιταζομὲνήν
1191 2233 1218 2286 M
1245 2228 1403 2302 ἐργαζομέ-

238 2328 273 2376 νη
276 2328 291 2360 v
311 2307 497 2363 ΑΒΟλιΚ.-
531 2299 758 2360 ιιΑιοιλιιε
736 2323 829 2370 ωσπερ
848 2323 901 2357 ουν
924 2303 1008 2373 incip.
1014 2309 1164 2388 excerpe
1178 2302 1298 2358 xxvm
1319 2305 1403 2358 codd.

237 2379 287 2434 FP
305 2378 491 2462 desmrtqne
484 2397 512 2432 m
532 2377 617 2432 verbo
636 2397 731 2431 ιιαιιων
751 2393 788 2446 (p
805 2385 865 2434 595
881 2381 970 2442 5.-)
990 2365 1042 2430 οὖν
1063 2395 1112 2430 ταν
1132 2395 1181 2443 της
1201 2389 1295 2442 dvm,
1314 2379 1404 2456 toron

238 2442 360 2506 FPodv
380 2451 435 2505 τῶν
456 2451 589 2533 περὶτῆς
614 2449 707 2518 ψυχῆς
726 2447 812 2503 MAB
837 2441 889 2502 οὖν
913 2441 964 2502 τὸν
981 2465 1011 2502 τι.
1031 2467 1053 2503 τ.
1072 2461 1105 2514 ψ.
1125 2445 1205 2502 Corn.
1226 2445 1278 2502 Ch.
1296 2445 1325 2502 K
1351 2467 1404 2504 ουτ

238 2518 290 2580 τὸν
308 2521 372 2590 περλ
392 2523 447 2577 τῶν
467 2523 516 2589 eric
537 2535 566 2586 ψ.
586 2539 698 2576 uon-
719 2515 810 2590 λόγων
829 2519 866 2574 Μ.
886 2549 918 2560 —-

241 2631 454 2644 ηιμ-..Ι-

239 2689 326 2774 quod
363 2687 481 2772 aliquis
520 2685 637 2771 eligat,
675 2685 791 2768 faeiat,
763 2683 968 2749 ttidenter
1000 2683 1225 2771 aggrediatur3
1273 2685 1404 2752 madum

239 2799 366 2877 eontra,
399 2793 484 2880 qnod
517 2814 583 2857 non
619 2793 736 2878 eligat,
768 2815 834 2857 non
862 2791 977 2872 t'aeiat,
1008 2811 1075 2856 non
1111 2791 1249 2856 fidenter
1280 2813 1403 2880 eggre-

239 2903 356 2968 diatur.
408 2900 687 2977 Quemadmodum
715 2900 819 2978 initur
847 2897 902 2982 qui
930 2897 1010 2963 dicit
1037 2920 1097 2963 nos
1127 2899 1238 2966 oculos
1265 2899 1404 2974 habere.

238 3033 304 3075 non
333 3009 421 3074 aliud
450 3007 605 3094 quiddam
634 3008 799 3092 signifieat
823 3013 919 3091 atque
942 3007 988 3090 is,
1016 3007 1070 3092 qui
1098 3027 1160 3073 nos
1188 3008 1315 3072 luminu
1349 3010 1402 3074 vel

239 3117 345 3183 visum
369 3115 489 3182 habere
514 3116 562 3180 uit
580 3119 637 3180 out
661 3113 771 3180 missis
796 3113 847 3178 his
866 3114 1054 3180 nominibus
1078 3117 1208 3200 partem
1231 3114 1403 3182 visibilem

238 3225 291 3290 vel
319 3223 360 3289 ad
394 3221 607 3308 spectandum
636 3227 747 3304 aptum
781 3221 832 3286 vel
860 3221 1113 3288 instrumentum
1146 3221 1227 3305 tnle,
1258 3222 1307 3288 ita
1344 3223 1404 3310 qui

238 3331 360 3398 habere
378 3353 439 3397 nos
459 3331 630 3396 scientiam
649 3329 809 3394 bonorum
829 3330 1043 3398 etmalorum
1063 3329 1120 3414 nit,
1143 3351 1210 3396 non
1229 3329 1403 3398 diversum

238 3438 389 3526 quiddam
412 3439 458 3504 nit
482 3438 523 3502 ab
544 3459 591 3520 eo,
615 3437 669 3522 qui
694 3437 771 3502 dicit
791 3438 1016 3523 eligendorum
1036 3441 1069 3502 et
1086 3459 1152 3502 non
1172 3436 1403 3524 eligendorum

239 3546 291 3612 vel
320 3547 520 3632 agendorum
550 3549 583 3607 et
610 3565 676 3608 non
709 3545 909 3630 agendorum
942 3543 994 3611 rel
1022 3543 1244 3611 audendorum
1268 3549 1301 3610 et
1331 3569 1403 3614 non

239 3652 459 3718 audendorum
492 3651 661 3716 scientium
696 3652 730 3716 in
762 3653 857 3718 nobis
891 3654 1011 3737 inesse,
1049 3675 1122 3718 oum
1157 3653 1310 3720 omnibns
1347 3653 1403 3721 his

238 3759 461 3845 locutionibus
485 3759 607 3823 bonum
632 3765 664 3824 et
688 3758 810 3824 malum
839 3761 938 3826 etiam
963 3783 1002 3826 ex
1026 3758 1205 3847 Chrysippi
1234 3765 1404 3830 sententia

239 3867 434 3952 declaretur,
458 3867 487 3932 si
511 3865 642 3948 quidem
666 3869 774 3952 ipsum
799 3869 920 3935 bonum
945 3869 1051 3934 solum
1075 3873 1126 3934 est
1153 3867 1344 3954 eligendum
1371 3879 1405 3936 et

239 3974 400 4062 egendum
434 3977 466 4037 et
499 3973 690 4040 audendum,
746 3977 955 4063 Quapropter
991 3975 1152 4042 bonorum
1189 3975 1332 4042 seientia
1367 3981 1404 4046 in

240 4079 376 4146 diversis
404 4080 457 4144 rel
489 4081 636 4145 materiis
670 4083 720 4147 vel
749 4083 933 4149 actionibus
967 4083 1105 4168 probata
1136 4083 1233 4169 pluro
1261 4087 1404 4154 nomine

240 4188 368 4274 accipit,
391 4209 529 4272 quorum
554 4189 803 4275 unumquodque
827 4192 861 4256 in
891 4192 1049 4257 relatione
1073 4190 1113 4256 nd
1138 4189 1262 4275 aliquid
1286 4213 1404 4262 seeun-

240 4295 317 4360 dum
346 4297 519 4360 materiam
549 4295 599 4358 vel
629 4297 791 4363 notionem
819 4299 980 4364 consistit.
1033 4297 1127 4364 Ploto
1155 4297 1260 4384 igitur
1289 4305 1328 4366 nt
1362 4305 1400 4370 de
