3018 5036
446 201 466 233 ι

497 249 523 296 Ν

249 439 390 528 ρόιερον
414 437 553 528 ὑπάρχει
576 441 632 510 καί
656 445 704 522 είς
725 422 816 510 ἅπαν
835 445 936 528 ἔργον
958 465 993 508 τε
1017 439 1071 507 καί
1096 437 1239 528 μάθημα
1261 441 1396 526 βέλτιον,

249 553 288 616 αί
307 563 465 635 γενναίαις
487 548 523 617 di
548 545 792 636 άσθενίστεραί
825 576 858 617 τε
896 549 950 618 καὶ
988 553 1134 638 χείρους,
1171 545 1330 636 ἅνύμοιαί
1362 573 1394 633 γε

196 703 200 712 ·
247 653 332 723 κατὰ
367 655 469 726 τοῦτό
497 660 600 742 είσιν,
628 655 739 744 ὥσπερ
763 684 800 744 γε
828 657 931 726 πάλιν
958 657 1120 736 ἐναντίως
1156 661 1285 742 ἔχουσι,
1319 651 1394 724 καθ’

247 759 332 832 ὅσον
368 754 466 832 αὗται
503 764 565 852 μὲν
603 761 788 854 ὑπάρχουσι
831 764 962 852 θήλειαι
999 767 1052 834 καί
1092 762 1150 832 διὰ
1186 767 1285 832 τούτο
1319 763 1398 850 πρὸς

218 867 369 957 εκύησιν
396 872 566 958 ἐπιτήδεια
601 887 675 954 ταῖς
710 873 956 961 μὲν,γνναιξίν
992 875 1061 941 ε’στι
1098 869 1201 962 μύρια
1227 867 1307 938 ἄττα
1340 873 1398 936 τού

245 975 400 1064 σώματος
428 975 492 1048 ὑπὸ
516 983 574 1068 της
601 978 737 1066 φύσεως
760 983 1069 1070 παρεσκευασμένα,
1101 993 1173 1060 τοῖς
1200 978 1236 1045 di
1265 976 1398 1066 ἄρρεσιν

244 1081 307 1156 οὐκ
331 1089 432 1155 ἔστιν.
476 1085 561 1156 ὥστε
598 1084 737 1175 ἇληθιύς
759 1087 803 1156 dv
831 1117 881 1170 τις
909 1095 992 1176 φαίη
1030 1086 1113 1156 κατά
1140 1115 1172 1155 τι
1195 1085 1258 1174 μὲν
1281 1083 1399 1174 ὁμοίως

246 1197 437 1263 διακεῖσθαι
461 1194 520 1276 τάς
547 1211 711 1283 γυναῖκας
732 1211 802 1276 τοῖς
825 1193 988 1284 ἀνδράσι,
1011 1193 1095 1264 κατά
1117 1224 1149 1263 τι
1174 1195 1210 1263 ὑὲ
1235 1195 1398 1270 ἐναντίως.

244 1302 380 1370 ἐπειδὰν
407 1301 470 1391 μὲν
492 1296 556 1373 οὖν
578 1332 628 1384 τις
650 1301 732 1372 κατὰ
756 1303 819 1391 την
842 1301 1022 1392 ὁμοιότητα
1044 1303 1107 1392 την
1129 1301 1314 1392 μετάβασιν
1335 1297 1395 1368 dud

205 1433 231 1472 ιο
244 1414 393 1496 θατέρου
428 1414 560 1500 ποιηταί
598 1409 684 1496 πρὸς
724 1411 761 1480 τὸ
791 1413 921 1498 ἕτερον,
959 1409 1155 1500 ἀληθεύσει,
1192 1410 1328 1478 ε’πειύάν
1361 1407 1394 1474 dl

244 1517 327 1586 κατὰ
350 1517 414 1606 την
436 1516 675 1606 ἀνομοιότητα,
704 1518 857 1600 ψεύσεται
888 1520 940 1588 καί
965 1517 1054 1588 πολύ
1076 1523 1206 1607 μᾶλλον
1229 1517 1311 1586 κατὰ
1339 1517 1397 1602 την

245 1625 454 1696 ἐναντίωσιν.
503 1625 550 1707 ὦς
581 1625 646 1713 γάρ
674 1623 692 1694 ὁ
721 1625 940 1713 Ἱπποκράτης
978 1629 1015 1694 ἐν
1050 1630 1096 1718 τῷ
1134 1627 1217 1694 κατὰ
1255 1631 1397 1714 ίητρείον

178 1738 368 1820 κςηίγραιλε
391 1733 538 1804 κελεύων
564 1731 647 1822 ἡμᾶς
665 1735 698 1816 ἐξ
718 1733 821 1822 ἀρχῆς
842 1731 859 1822 ἢ
875 1732 976 1822 ὅμοια
993 1731 1010 1822 'l
1025 1731 1179 1822 άνύξμοια
1194 1743 1397 1818 σκοπεῖσθαι,

242 1842 432 1930 προσέθηκε
457 1841 494 1910 δὲ
518 1844 555 1910 ἐν
578 1845 623 1934 τῷ
639 1844 889 1934 Προγνωστικῴ
903 1843 958 1910 καί
983 1839 1020 1910 τύ
1046 1837 1268 1922 εἰιανιίονοῖς
1290 1847 1396 1927 ἔλεγεν

203 1975 229 2016 ιε
244 1949 296 2016 ἐπὶ
311 1953 374 2018 τοῦ
386 1949 580 2036 προσώπου,
596 1947 644 2017 ‘td
661 1949 696 2017 dl
713 1948 959 2018 ἐναντιώτατον
972 1953 1034 2018 τού
1048 1947 1170 2036 ὁμοίου
1184 1949 1398 2025 ύεινόιαιοί,

244 2052 333 2124 οὕτω
356 2062 513 2143 φαίνεται
537 2059 592 2126 καὶ
616 2053 634 2124 ὁ
660 2056 807 2125 Πλάτων
829 2057 893 2144 την
923 2055 1096 2138 ἀπόδειξιν
1118 2059 1341 2147 πεποιημένος
1362 2057 1398 2123 ἐν

241 2167 282 2254 τῇ
304 2167 507 2254 προκειμένη
531 2163 635 2252 ῥύσει.

279 2407 295 2455 5
315 2395 478 2470 ἐπιτήδειαι
497 2400 604 2455 such.
625 2431 659 2440 -
679 2407 695 2454 o
714 2393 772 2455 άπὸ
792 2400 842 2468 τῆς
861 2401 968 2455 ABGh.
989 2431 1021 2440 ·-
1043 2409 1072 2456 ll
1095 2395 1250 2471 ὁμοιότητα
1270 2399 1396 2456 duculi

241 2467 437 2543 άνομοιύεηια
456 2471 536 2527 Corn.
557 2503 588 2513 -
613 2481 645 2528 15
664 2469 697 2528 τὸ
717 2471 748 2526 el
770 2467 993 2540 ίνανιιοίταιονς
1011 2473 1048 2528 ei.
1066 2490 1152 2544 supra
1171 2491 1197 2543 p.
1218 2479 1284 2542 236,
1303 2481 1327 2528 t.
1348 2503 1377 2512 -

241 2711 313 2797 lior,
335 2709 478 2777 feminee
502 2712 611 2776 autem
626 2709 868 2774 'imbecilliores
893 2715 926 2775 et
949 2709 1091 2796 peiores,
1119 2713 1255 2776 eatenus
1280 2731 1299 2774 a
1320 2709 1397 2774 viris

240 2817 441 2904 discrepant,
473 2816 747 2904 quemadmodum
780 2839 891 2883 rursus
924 2819 959 2885 in
990 2816 1054 2885 hoe
1086 2817 1287 2884 eontrarium
1321 2819 1398 2883 viris

240 2931 393 2993 naturam
416 2924 554 3008 hebent,
577 2926 663 3011 quod
686 2926 828 2992 feminae
857 2929 933 2992 sunt
960 2927 1003 2993 ob
1031 2947 1167 3012 eamque
1197 2949 1330 2992 causam
1358 2925 1398 2991 ad

240 3033 487 3118 concipiendum
515 3033 617 3098 letum
641 3033 775 3099 idoneas
804 3035 960 3119 quasdam
989 3039 1099 3119 partes
1123 3057 1144 3099 a
1170 3039 1289 3100 natura
1313 3057 1398 3100 eom·

239 3145 373 3226 paratas
400 3139 539 3224 habeut,
572 3163 679 3207 mares
711 3163 776 3208 non
808 3139 942 3208 habent.
1000 3141 1095 3208 Unde
1128 3142 1246 3208 merito
1279 3142 1397 3208 dixeris

240 3247 379 3314 feminas
403 3249 438 3314 in
461 3249 571 3335 aliqua
593 3272 629 3315 re
653 3249 778 3315 similes
803 3249 896 3330 viris,
920 3249 955 3314 in
977 3249 1089 3335 aliqua
1117 3249 1295 3316 dissimiles
1319 3273 1398 3316 esse.

240 3353 364 3432 Quodsi
394 3357 508 3442 quise
537 3357 752 3422 similitudine
781 3359 958 3422 transitum
988 3357 1030 3422 ab
1059 3359 1165 3424 altero
1189 3357 1230 3424 ad
1260 3359 1399 3424 alterum

238 3461 367 3548 feeerit,
391 3486 504 3530 vorum
527 3464 627 3548 dicet,
655 3466 683 3530 si
712 3487 750 3530 ex
779 3465 1061 3550 dissimilitudine,
1089 3465 1278 3550 mentietur,
1307 3467 1336 3534 si
1361 3489 1398 3532 ex

240 3571 459 3657 oppositione,
482 3573 587 3640 multo
612 3573 728 3658 magis.
767 3571 1046 3650 Quemadmodum
1070 3573 1157 3638 enim
1176 3573 1399 3661 Hippocrates

239 3677 274 3744 in
297 3678 410 3746 libello
434 3679 474 3746 de
497 3679 628 3747 officina
653 3681 770 3746 medici
795 3681 842 3746 ita
867 3681 1015 3766 scripsit,
1043 3685 1080 3746 ut
1103 3703 1162 3748 uos
1187 3705 1206 3746 a
1234 3681 1399 3768 principio

240 3784 404 3854 similione
437 3793 546 3854 essent
574 3811 616 3854 an
644 3787 819 3853 dissimilia
847 3793 995 3873 spectare
1024 3787 1166 3872 iuberet,
1194 3789 1228 3856 iu
1251 3789 1399 3876 Progno-

144 3889 149 3898 ’
238 3893 323 3960 stica
356 3899 467 3960 autem
501 3896 600 3961 etiam
634 3897 836 3962 eontrarium
869 3897 925 3982 iis,
958 3919 1040 3981 quae
1074 3895 1202 3963 dixerat
1233 3897 1272 3964 cle
1302 3895 1399 3980 lucie,

237 3999 364 4066 eddidit
387 4039 430 4048 -
455 3999 651 4087 ‘pessimum
680 4002 774 4071 sero’
802 4005 908 4091 inquit
933 4003 1013 4088 ‘est,
1042 4026 1116 4070 oum
1143 4005 1245 4072 iacies
1260 4004 1399 4094 'longis-

238 4107 321 4174 sime
344 4131 364 4174 a
388 4109 603 4177 similitudine
626 4111 764 4177 recedit'
792 4149 846 4198 ·-,
870 4113 918 4178 ita
943 4111 1044 4178 etium
1068 4111 1238 4178 Platonem
1265 4113 1300 4178 in
1324 4136 1400 4180 oru-

236 4215 341 4300 tione,
376 4239 473 4303 quam
511 4241 610 4304 supra
650 4219 870 4306 laudavimus,
908 4221 1221 4287 demonstrationem
1258 4234 1400 4307 apparet

238 4325 452 4390 contexuisse.
