2976 5028
558 343 832 434 ¹-aaa-

130 501 247 584 (οὕτως
276 503 457 590 γινομένης
488 502 541 570 aral
571 503 635 570 τοῦ
662 502 699 569 έν
727 515 801 582 ταῖς
833 499 955 590 ὁρμαῖς
979 503 1204 590 πλεονασμοῦ.
1249 499 1287 570 τὸ

130 613 202 700 ’γὰρ
227 611 358 700 ἄλογον
380 613 473 680 τουτὶ
497 613 642 698 ληπτέον
664 605 802 688 ἀπειθές
825 609 914 702 λόγῳ
937 611 992 678 καλ
1012 607 1290 698 ἀπεστραμμένον

129 719 198 788 *τὸν
232 719 354 808 λόγον,
384 715 467 788 καθ’
510 715 554 807 ἣν
582 715 696 804 φοράν
727 718 782 786 καλ
818 718 855 785 έν
886 721 932 809 τῷ
963 725 1033 787 ε’θει
1067 717 1144 787 τινά
1177 743 1289 806 φαμεν

129 826 308 898 ’ὠθεῖσθαι
334 828 388 896 col
417 823 549 914 ἀλόγως
577 827 583 916 Ι
612 827 777 915 φέρεσθαι
806 825 889 895 ἄνευ
916 825 1021 914 λόγου
1052 829 1207 914 κρίσεως,
1234 827 1357 906 sulm

129 933 214 1024 ὀὐχὶ
244 940 277 1005 εἰ
303 937 580 1023 θιημαρτημένως
607 938 742 1022 φέρεται
775 934 831 1004 uel
864 933 1019 1020 acpedoiv
1050 963 1080 1004 τι
1114 933 1197 1002 κατὰ
1229 933 1324 1003 roes

129 1045 260 1132 λόγον,
288 1041 373 1111 ἀλλά
401 1039 682 1132 ἀπεστραμμένος
713 1069 748 1112 τε
780 1043 835 1111 καλ
866 1037 1015 1124 ἀπειθῶς
1047 1037 1154 1134 αὐτῷ,
1186 1045 1290 1112 ταῦτα

129 1151 432 1240 ’έπεσημαινόμεθα
463 1151 608 1239 μάλιστα
636 1147 717 1219 καθ’
752 1146 796 1238 ἣν
829 1146 1072 1238 ὑπογράφομεν
1103 1147 1216 1238 poprie
1249 1145 1291 1220 οὖ

129 1259 330 1348 ’πεφυκότος
352 1262 415 1328 τοῦ
438 1263 577 1346 λογικοῦ
602 1259 688 1352 ζῴου
711 1269 881 1330 κινεῖσθαι
905 1255 1118 1339 obruereris
1141 1255 1205 1346 τὴν
1229 1275 1291 1338 νυ-

128 1367 214 1457 ’χήα
237 1364 323 1436 ἀλλά
347 1365 430 1435 κατὰ
452 1367 514 1436 τὸν
537 1365 662 1454 λόγον’
700 1365 720 1456 ἡ
744 1367 807 1456 μὲν
830 1359 894 1436 οὖν
917 1367 1012 1453 εἰέρα
1030 1369 1100 1436 τῶν
1121 1369 1184 1438 τοῦ
1202 1371 1292 1455 Χρυ-

128 1483 254 1546 σίππου
294 1474 427 1562 ῥήσεων
464 1477 670 1564 ἐξηγουμένη
708 1475 769 1544 τὸν
801 1475 968 1562 πρότερον
1003 1477 1073 1544 τῶν
1105 1471 1197 1562 ὅρων
1229 1476 1332 1544 τοῦτο

127 1585 263 1664 πάθους
286 1584 451 1652 ἐνταυθοῖ
470 1587 615 1674 τελευτᾷ.
660 1582 723 1672 τὴν
747 1583 783 1652 δὲ
808 1581 1012 1664 ὑπόλοιπον,
1036 1583 1074 1652 έν
1098 1571 1116 1673 ἦ
1139 1581 1202 1653 τὸν
1225 1583 1291 1652 ε’τε-

127 1719 190 1779 ρον
213 1691 300 1778 ὅρον
323 1693 498 1778 ἐξηγεῖται,
522 1693 757 1780 γεγραμμένην
785 1692 902 1779 ε’φεξῖγς
929 1694 1008 1782 τῇδε
1036 1689 1179 1761 κατὰτὸ
1203 1693 1291 1778 πρῶ-
1387 1703 1392 1716 “

128 1829 189 1870 τον
221 1799 426 1888 σύγγραμμα
459 1799 534 1886 περὶ
567 1803 690 1870 παθῶν
722 1799 787 1888 ἤθη
820 1818 874 1868 σοι
907 1797 1162 1889 παραθήσομαι·
1195 1798 1290 1868 ’κατὰ

129 1911 242 1979 ’τοῦτο
266 1907 303 1976 dl
333 1909 388 1978 καλ
408 1905 430 1992 ,ὁ
463 1906 674 1996 πλεονασμὸς
700 1911 759 1996 τῆς
786 1905 893 1996 ὁρμῆς
920 1917 1047 1996 εἰρηται
1077 1905 1134 1976 διὰ
1160 1905 1199 1977 τὸ
1227 1905 1291 1998 τὴν

162 2103 280 2172 craecis
304 2107 384 2164 codd.
409 2107 471 2164 edd.
496 2101 560 2162 τινά
585 2121 643 2163 noa.
670 2137 701 2148 -
728 2113 744 2161 4
768 2099 807 2170 ὡς
826 2105 854 2163 ελ
871 2105 961 2163 blllll
980 2101 1045 2163 οὔτε
1066 2104 1095 2162 ελ
1117 2103 1197 2162 Corn.
1226 2099 1291 2176 alp

128 2181 155 2238 ελ
171 2181 217 2238 ΑΙ.
241 2179 314 2237 Just.
336 2179 406 2236 Cbll
430 2180 479 2234 παλ
498 2173 563 2248 οὐχὶ
590 2175 618 2233 ελ
641 2195 703 2244 νοις
727 2177 761 2232 el.
788 2177 872 2234 Proll.
897 2197 925 2250 p.
949 2185 991 2234 ob.
1016 2209 1048 2220 —
1078 2187 1094 2234 ῦ
1118 2186 1183 2250 post
1205 2174 1291 2248 λόγον

127 2254 297 2310 inseruimus
315 2247 388 2307 ἀλλά
403 2247 645 2320 ἀνεστραμμένως
664 2269 692 2306 τε
714 2249 762 2304 arel
777 2243 909 2314 ἀπειθῶς
923 2245 1001 2306 circi
1021 2249 1084 2306 coll.
1106 2269 1123 2322 p
1148 2256 1199 2306 θθθ
1219 2255 1290 2308 extr·

128 2325 151 2380 K
174 2332 205 2382 et
228 2343 256 2395 p.
276 2329 327 2380 ³71
354 2323 405 2379 sub
430 2323 474 2378 lin.
495 2323 519 2378 Κ
544 2333 581 2404 (p.
602 2327 667 2386 84⁴2,
690 2331 722 2376 10
742 2323 784 2378 ed.
805 2328 842 2385 n.)
869 2355 899 2364 -
926 2328 940 2378 'l
971 2318 1041 2377 ἀλλά
1065 2317 1185 2392 μάλιστα
1208 2319 1290 2378 codd.

126 2397 188 2453 edd.
207 2393 281 2452 ἀλλά
301 2395 464 2452 delevimus.
487 2427 517 2436 -
547 2389 712 2463 νπογράφει
739 2394 819 2450 codd.
845 2393 908 2450 edd.
934 2388 1143 2466 ὑπογράφομεν
1170 2410 1229 2450 νοτ.
1255 2421 1289 2436 ·-

127 2476 144 2524 8
163 2464 316 2538 πεφυκότα
336 2467 373 2524 M.
394 2499 425 2511 ··
450 2477 482 2524 10
502 2463 662 2538 έξηγημένη
682 2465 718 2521 Μ.
740 2495 773 2508 -·

127 2669 312 2758 pellitur,
340 2667 386 2734 ad
413 2688 523 2755 quem
557 2667 746 2754 impetum
779 2666 1070 2734 accommodata
1099 2671 1157 2732 est
1185 2669 1290 2733 utra·

127 2801 199 2867 que
223 2775 432 2860 definitio,
459 2797 534 2842 una
557 2775 836 2842 commotionis
865 2779 1005 2842 contra
1027 2779 1209 2841 naturam
1233 2773 1290 2842 sio

127 2893 277 2954 temere
311 2887 349 2950 ct
386 2883 685 2952 irrationaliter
718 2881 865 2966 factae,
904 2882 1031 2950 altera
1067 2882 1212 2950 nimiae
1251 2881 1290 2950 ia

127 2993 310 3082 appetitu
349 2991 631 3058 vehementiae.
691 2989 932 3057 Inrationale
968 2991 1069 3057 eninr
1101 2991 1158 3058 ita
1189 2990 1291 3058 acci·

125 3101 326 3188 piendum,
354 3101 396 3166 ut
423 3099 480 3166 sit
507 3099 657 3166 rationi
684 3121 762 3166 non
790 3097 1066 3185 obtemperans
1096 3121 1291 3166 aversum·

126 3231 198 3298 qne
223 3209 433 3292 aratione,
456 3229 530 3294 qua
555 3205 808 3294 persuasione
828 3207 945 3272 etiam
970 3205 1139 3274 solemus
1158 3207 1290 3275 dicero

127 3319 303 3406 aliquem
317 3315 491 3403 propelli
511 3337 554 3382 ac
568 3319 714 3380 temere
730 3315 816 3380 sine
830 3313 978 3382 iudicio
994 3315 1163 3384 rationis
1178 3315 1289 3404 lerri3

125 3447 252 3514 neque
285 3424 318 3492 si
351 3425 541 3491 aberrans
573 3422 704 3489 fertur
735 3423 881 3510 aliquis
914 3421 978 3488 rel
1011 3423 1166 3492 incuria
1198 3445 1290 3512 qua·

127 3533 213 3602 dam
246 3535 288 3602 in
320 3532 477 3600 ratione
505 3531 672 3616 labitur,
701 3531 765 3598 aed
794 3532 827 3597 si
855 3553 1019 3598 aversus
1053 3531 1289 3620 minimeque

127 3643 404 3728 obtemperans
419 3639 452 3706 ei
468 3643 543 3724 cst,
558 3638 619 3706 his
635 3641 767 3706 serbis
783 3639 1061 3726 significamus
1077 3639 1288 3708 secundum

127 3772 210 3818 eam
234 3749 483 3836 potissimum
507 3747 798 3834 impulsionem,
821 3769 933 3834 quam
957 3747 1290 3836 adumbravimus,

127 3859 272 3946 quippe
296 3877 379 3924 cum
397 3863 537 3922 natura
557 3857 615 3921 ita
633 3862 902 3942 comparatum
923 3855 1067 3924 animal
1091 3855 1289 3924 rationale

127 3967 192 4052 sit,
221 3971 262 4032 ut
285 3985 360 4033 non
383 3985 426 4030 co
455 3964 571 4030 modo
600 3967 804 4030 moveatur
831 3963 998 4046 unimus,
1026 3963 1090 4028 scd
1115 3961 1289 4030 ratione!

128 4073 238 4162 Atque
276 4095 359 4140 uuus
393 4069 573 4156 Chrysippi
607 4071 713 4156 locus,
749 4095 813 4158 qno
855 4070 996 4154 priorem
1028 4071 1288 4156 perturbationis

128 4178 353 4249 definitionem
372 4179 537 4266 explanat.
560 4177 615 4245 bic
634 4179 764 4246 desinit.
802 4177 961 4262 Alterum,
980 4201 1044 4266 quo
1064 4179 1288 4248 definitionem

128 4289 269 4356 alteram
292 4285 444 4374 explicat,
466 4293 544 4374 post
572 4287 664 4354 illum
687 4287 840 4372 deinceps
865 4287 1030 4373 imprimo
1058 4287 1097 4354 de
1122 4287 1290 4374 perturba·

127 4397 274 4464 tionibus
298 4395 457 4482 seriptum
480 4395 543 4461 tibi
567 4396 634 4462 inni
659 4395 867 4460 subnectam:
915 4393 987 4463 ‘Ad
1015 4395 1114 4462 bunc
1137 4395 1287 4462 modum

1019 4501 1073 4558 ῃ·
