3022 5038
665 273 911 338 -518-

212 433 409 522 διοικήσεως
431 431 471 501 τά
494 439 593 522 μειζω
618 431 754 518 σώματα
782 434 850 499 των
874 430 1102 518 σμικροτέρων
1127 425 1282 516 ι’·πιίρχει,
1310 425 1377 514 οὐχ

215 541 329 632 ἣκιστα
354 540 389 608 di
414 536 478 608 κάν
501 553 571 619 τοῖς
599 537 702 630 ζῴοις.
748 537 897 624 ἐπάνειμι
929 535 993 623 γάρ
1022 527 1124 614 αὖθις
1151 533 1196 616 ὡς
1223 535 1284 602 τὸν
1311 538 1378 602 Πέ-

146 660 299 729 sablone
322 649 562 736 συγχωροῦντα
585 644 645 713 τὸν
670 647 856 732 ἐγκέφαλον
882 696 885 732 ‚
914 643 1073 712 ἁπάντων
1096 641 1182 711 εἶναι
1206 647 1275 711 τών
1300 643 1377 711 νεά·

214 785 285 846 ρων
304 754 420 844 ἀρχήν.
452 751 611 841 ὁμολογεῖ
627 757 713 841 γοῦν
732 753 784 820 καὶ
807 749 908 832 αὐτὸς
927 750 990 820 ἀπὸ
1012 750 1199 839 ἐγκεφάλου
1218 751 1376 838 φυόμενα

166 866 278 937 nodo
304 869 406 952 νεῦρα
427 867 680 948 διασπείρεσθαι
705 875 775 940 τοῖς
794 860 876 928 κατὰ
896 857 1098 948 ὀφθαλμοὺς
1120 861 1224 946 μυσὶν
1243 860 1278 926 έκ
1297 863 1380 946 μιας

214 975 270 1043 καὶ
294 978 431 1060 παχείας
454 967 625 1054 ἐκφύσεως
648 973 696 1056 είς
719 966 840 1057 σμικρὰ
866 969 918 1035 καὶ
944 967 1050 1036 πολλὰ
1076 966 1261 1054 σχιζόμιυα.
1298 968 1379 1034 του-

213 1109 283 1152 των
311 1081 348 1148 di
377 1085 424 1148 ἔτι
452 1081 582 1166 μᾶλλον
607 1072 625 1166 ἡ
650 1077 766 1164 ἐφεξῆς
794 1083 931 1162 συζυγία
955 1082 1094 1164 ,ταχίστη
1124 1077 1186 1162 μέν
1210 1075 1300 1141 έστιν
1324 1075 1379 1140 έκ-

215 1189 386 1278 φυομένη,
419 1185 570 1274 τέμνεται
604 1183 640 1252 di
674 1189 721 1264 είς
757 1183 934 1270 πάμπολλα
968 1185 1089 1270 σμικρὰ
1127 1197 1198 1262 τοῖς
1229 1183 1300 1264 περὶ
1337 1181 1377 1250 τὸ

214 1294 398 1384 πρόσωπόν
429 1321 463 1362 τε
492 1293 547 1360 καὶ
576 1291 613 1360 τὸ
643 1291 749 1379 στόμα
773 1293 996 1380 ὀιανεμομείἰγ
1027 1297 1173 1378 μορίοις.
1202 1287 1312 1376 ὥσπερ
1339 1317 1378 1374 γε

177 1405 272 1473 rouel
298 1401 316 1492 ἡ
340 1401 420 1491 μετὰ
444 1396 561 1487 αὐτήν.
603 1401 660 1468 ἵνα
685 1399 721 1467 di
745 1397 789 1488 μὴ
815 1407 916 1485 τρίβω
940 1399 1000 1466 τὸν
1020 1399 1157 1486 χρόνον,
1182 1396 1199 1466 ὁ
1222 1413 1381 1478 νωτιαίας

217 1515 253 1582 ἐκ
275 1514 338 1581 τοῦ
361 1507 548 1596 ἐγκεφάλου
577 1507 779 1594 βλαστάνειν
803 1505 892 1598 αὐτῷ
918 1511 1009 1574 doun*
1033 1507 1084 1573 καί
1112 1505 1141 1574 ei
1146 1535 1196 1574 ναι
1222 1503 1381 1592 καθάπερ

216 1647 248 1689 τι
267 1619 419 1707 πρέμνον
438 1611 589 1703 άριθμοῦ
607 1615 805 1703 παμπόλλου
827 1615 957 1700 νεύρων
977 1609 1051 1680 οἷον
1070 1614 1206 1682 κλάὸων
1225 1610 1381 1698 ἀποφυσ-

216 1728 331 1814 μένων
349 1721 464 1794 αὐτοῦ.
501 1725 605 1791 ταῦτα
624 1721 686 1810 μὲν
705 1713 769 1790 οὖν
793 1719 903 1808 eliuth}
925 1723 961 1788 τέ
979 1724 1045 1789 ἐστι
1065 1723 1120 1790 καὶ
1139 1737 1209 1800 τοῖς
1229 1723 1383 1806 ἐναργῶς

218 1832 404 1920 ὁρωμένοις
422 1828 688 1920 ὁμολογούμενα,
706 1827 743 1897 τὸ
765 1828 800 1897 dl
821 1827 860 1896 τίι
877 1828 997 1916 σμικρά
1018 1833 1086 1898 τῶν
1104 1829 1259 1918 μεγάλων
1274 1826 1383 1916 άρχίις

180 1961 205 2003 1⁵
219 1939 307 2010 εἶναι
326 1938 462 2029 μάχεται
482 1937 545 2028 μὲν
559 1938 614 2006 καί
633 1953 704 2018 τοῖς
717 1937 799 2006 κατα
819 1935 859 2005 τα
881 1943 982 2024 νεῦρα
997 1940 1227 2026 φαινομένοις,
1246 1935 1294 2006 del
1313 1935 1382 2024 γάρ

220 2051 258 2118 έν
275 2047 409 2128 τούτοις
431 2045 471 2115 τὰ
494 2053 592 2134 μείζω
617 2049 685 2114 τῶν
709 2045 937 2132 σμικροτέρων
961 2043 1076 2132 ἀρχαί.
1100 2045 1234 2132 μάχεται
1262 2045 1310 2114 de'.
1334 2041 1384 2126 ὡς

257 2271 290 2320 10
308 2267 375 2334 post
393 2267 524 2324 enimurbe
547 2263 618 2332 spat.
640 2279 698 2316 vac.
719 2262 934 2316 ‹iratuordeeim
954 2263 1040 2316 terme
1060 2263 1231 2318 litterarum:
1253 2261 1384 2331 sequitur

220 2332 389 2408 βλαστάνειν
407 2333 436 2388 in
455 2333 542 2388 llAB
561 2355 585 2388 ν.
606 2329 638 2388 ἐκ
653 2333 702 2387 τοῦ
724 2283 885 2414 λγκεφάλου
905 2336 945 2405 βλ.
961 2339 1041 2390 t'ern.
1063 2355 1086 2388 ν.
1107 2329 1137 2400 ἐξ
1157 2329 1215 2402 tyr.
1235 2329 1383 2402 έκφυὸμε-

220 2427 271 2472 νος
289 2405 376 2470 Chli3
396 2405 431 2460 cl.
451 2405 537 2461 Proll.
555 2424 583 2477 p.
603 2411 646 2460 53.
666 2435 699 2446 -
723 2412 754 2460 1⁶2
773 2424 903 2475 respuere
923 2407 959 2460 ll.
981 2437 1011 2444 —-

222 2528 437 2540 -—--——

221 2563 256 2658 iir
293 2588 453 2674 stirpibus
491 2587 619 2654 maiore
655 2609 792 2672 corpora
833 2588 898 2652 sint
936 2588 1099 2652 minorum
1142 2598 1173 2652 et
1216 2595 1308 2652 ortus
1347 2606 1384 2654 et

214 2695 477 2784 'dispensationis
505 2695 681 2780 principio,
710 2695 823 2760 eodem
852 2695 948 2762 modo
974 2697 1006 2760 in
1031 2694 1228 2761 animalibus
1252 2717 1384 2781 qnoque

221 2828 291 2871 rem
324 2827 358 2868 se
391 2803 521 2868 habere.
576 2801 685 2868 Redeo
724 2803 809 2868 enim
848 2803 888 2868 ad
922 2803 1090 2889 Pelopem,
1123 2803 1178 2890 qui
1211 2803 1383 2870 cerebrum

221 2933 395 2980 nervorum
425 2910 571 2976 omnium
596 2910 757 2998 originem
787 2933 857 2976 esse
887 2910 1043 2976 coneedit.
1090 2909 1226 2975 Fatetur
1249 2910 1383 2996 quidem

222 3025 256 3086 et
277 3019 350 3106 ipse
373 3041 392 3084 a
416 3017 549 3084 cerebro
573 3016 653 3082 oriri
682 3017 763 3084 duos
787 3041 904 3082 nervos
934 3037 1031 3102 utque
1056 3042 1093 3082 ex
1120 3041 1182 3084 uno
1207 3041 1384 3106 crassoque

223 3131 340 3194 exortu
361 3117 396 3191 in
421 3125 542 3190 multas
565 3131 743 3210 tenuesque
767 3127 946 3212 particulas
971 3125 1126 3191 discissos
1154 3127 1188 3191 in
1212 3127 1384 3194 oculorum
1473 3189 1481 3204 ,

222 3232 388 3300 musculos
412 3231 573 3298 distribui.
619 3229 691 3300 Hoe
715 3235 817 3300 etium
840 3235 945 3320 magis
972 3233 1183 3319 subsequenti
1206 3256 1384 3302 nervorum

223 3341 296 3428 pari
329 3340 505 3428 contingit:
543 3341 782 3406 crassissimum
817 3350 865 3405 est
901 3341 998 3406 illnd'
1019 3341 1149 3426 quidem
1187 3341 1221 3407 in
1254 3347 1385 3414 exortu.

224 3447 431 3516 distribuitur
459 3453 569 3514 autem
593 3449 627 3514 in
655 3449 753 3514 faciei
777 3455 808 3512 et
839 3449 904 3516 oris
933 3463 1043 3534 portes
1067 3451 1129 3532 ita,
1157 3464 1193 3515 ut
1222 3449 1255 3516 in
1283 3474 1385 3537 qnam

223 3555 383 3641 plurimas
407 3555 588 3641 particulos
613 3561 750 3640 secetur,
773 3557 905 3642 perinde
931 3562 1027 3642 utque
1051 3557 1141 3641 illud,
1165 3557 1251 3643 quod
1276 3559 1387 3644 sequi·

224 3667 293 3748 tur,
320 3685 389 3748 par.
444 3661 507 3728 Sed
535 3686 575 3729 ne
605 3669 734 3749 tempus
764 3669 882 3746 teram,
915 3663 1002 3728 dorsi
1033 3664 1174 3730 medulla
1204 3687 1221 3728 e
1249 3664 1385 3730 cerebro

224 3771 470 3856 progerminare
500 3771 529 3838 ei
563 3770 691 3837 videtur
723 3788 821 3858 atque
855 3771 949 3857 quusi
983 3777 1115 3836 truncus
1148 3771 1280 3856 quidum
1311 3795 1385 3836 esse

223 3899 417 3944 numerosae
442 3877 565 3944 subolis
594 3901 782 3964 nervorum,
812 3879 867 3966 qui
896 3879 983 3943 uelut
1009 3879 1126 3944 rumuli
1151 3901 1251 3943 exea
1277 3879 1385 3964 pullu-

224 3983 304 4050 lant.
341 3983 431 4050 Haeo
455 4009 533 4052 sane
558 4009 635 4052 sera
659 3993 735 4053 sunt
760 3993 792 4052 et
817 4011 889 4052 euru
913 3988 964 4070 iis,
987 4009 1069 4072 quae
1093 3985 1259 4051 evidenter
1283 4009 1386 4072 appa·

224 4095 306 4174 rent,
331 4093 552 4180 consentione
577 4098 612 4160 et
635 4093 729 4178 illud,
752 4095 837 4179 quod
862 4117 963 4180 parva
988 4095 1052 4158 sint
1078 4115 1270 4179 magnorum
1294 4095 1385 4178 prin·

225 4198 327 4286 cipis,
350 4200 471 4286 purtim
495 4201 551 4286 iis,
574 4225 656 4288 quae
680 4181 846 4268 innervis
872 4201 1130 4286 conspiciuntur,
1154 4205 1314 4288 repugnat
1339 4239 1386 4248 —

226 4329 355 4392 semper
387 4307 475 4372 euim
513 4307 548 4372 in
580 4309 633 4374 bis
669 4309 794 4376 maiora
828 4311 991 4378 minorum
1025 4315 1101 4375 sunt
1133 4309 1295 4396 principia
1328 4345 1385 4394 -,
