2960 5032
685 385 910 456 —9G-··

218 573 271 620 τοι
294 543 407 630 πίθος
427 583 473 600 —-
496 543 570 637 ἤτοι
593 555 702 636 κρίσις
723 555 775 630 τίς
797 549 889 618 ἐστιν
916 543 947 636 ἢ
965 552 1150 638 κρίσεσιν
1172 545 1392 637 ἐπιγιγνόμε-

135 673 139 678 ’
218 684 299 745 νον,
322 659 379 726 sed
402 660 545 727 scribere
568 662 714 743 aptore,
737 681 797 725 nec
821 683 852 745 p.
871 661 937 726 430
961 663 1037 726 ante
1056 661 1110 724 fin.
1134 659 1228 724 edere
1252 653 1271 724 ὁ
1291 657 1392 744 Χρύ-

218 786 340 846 σιππος
362 761 465 844 αὐτὸς
482 763 823 853 ἕναντιολσγοιῗμενος
841 761 931 856 αὐτῷ
951 778 1115 852 μαρτυρεῖ
1135 777 1219 844 τοῖς
1241 761 1270 833 τ’
1287 761 1391 853 ἀλη-

218 874 339 942 θίσιν
362 869 430 960 ἅμα
449 872 502 939 καλ
523 877 568 965 τῷ
587 876 716 964 παλαιῷ
737 873 878 960 ὁόγματι
899 873 956 938 sed
978 874 1027 963 τῷ
1051 868 1080 939 τ’
1097 868 1324 959 diuitum.
1341 881 1390 964 L,

219 1005 298 1049 nem
321 981 403 1047 illud
423 982 595 1068 placitum,
618 1006 681 1069 quo
702 983 811 1068 plinus
836 1005 907 1047 esse
926 981 1028 1047 animi
1047 981 1238 1068 facultates,
1261 984 1389 1069 quibus

219 1089 467 1174 ratiocinemur,
490 1091 685 1176 irascamur,
713 1091 898 1176 cupiamus,
925 1088 1171 1176 pronuntiatur,
1199 1089 1252 1156 cui
1276 1089 1391 1178 Chry-

220 1197 333 1282 sippus
362 1197 485 1262 invitus
514 1203 546 1262 ct
575 1199 646 1283 ipse
678 1223 697 1264 a
726 1221 760 1263 sc
788 1198 971 1264 desciscens
1000 1197 1192 1280 assentitur,
1224 1201 1258 1262 et
1285 1200 1389 1264 mricc

220 1325 334 1370 verum
362 1311 396 1370 et
426 1312 571 1371 veterum
600 1329 670 1371 esse
699 1305 891 1391 saepissime
916 1303 1060 1371 Galenus
1088 1308 1239 1371 testatur.
1262 1343 1307 1352 —
1329 1306 1390 1372 Ex

219 1413 424 1498 compendiis
443 1437 509 1478 nou
528 1412 703 1479 intellectis
724 1414 942 1497 proficiscitur
961 1413 1062 1478 etiam
1082 1413 1297 1478 commutatio
1318 1417 1388 1478 ter-

220 1519 437 1586 minationunr
457 1519 682 1605 Comparativi
703 1525 735 1584 et
755 1519 955 1604 Superlatiu'
974 1544 1069 1604 τερος
1083 1524 1116 1584 et
1129 1543 1235 1597 τατος.
1263 1517 1300 1584 Ρ.
1316 1521 1390 1585 ῖθῖι

220 1628 302 1692 med.
326 1625 376 1692 Ch
405 1621 438 1692 et
467 1629 496 1693 Κ
520 1629 655 1712 πῦρ-
682 1626 1019 1712 μικρομερίστερον
1041 1625 1174 1714 (MR)
1203 1627 1237 1692 in
1265 1651 1389 1712 μικρο-

220 1733 460 1820 μερέστατον
484 1735 608 1822 (opero.
632 1759 705 1822 nos)
730 1741 816 1800 recte
837 1741 1059 1820 nrutauerunt,
1082 1735 1137 1800 secl
1157 1735 1257 1800 iidem
1281 1737 1388 1820 paulo

220 1843 306 1908 infru
330 1841 421 1932 (ante
441 1847 493 1908 tin.
514 1844 656 1908 eiusdem
675 1842 831 1930 paginae)
851 1845 1026 1910 nolueramt
1044 1841 1389 1928 σμικρομερέστατα

221 1952 384 2038 corrigere
408 1951 815 2036 ἰιι,σμικρομερε’σεερα,
840 1974 1038 2038 quamquam
1056 1975 1087 2036 p.
1107 1951 1170 2016 ‘ili'
1193 1956 1268 2016 unte
1288 1952 1390 2036 nred,

221 2059 277 2126 abi
306 2060 391 2125 idem
420 2060 511 2124 locus
539 2059 728 2124 Platonicus
758 2085 777 2124 a
806 2059 931 2124 tialeno
964 2059 1130 2142 laudatur,
1162 2065 1194 2122 et
1228 2059 1319 2125 codd.
1351 2065 1390 2124 et

221 2168 362 2234 editores
386 2168 450 2254 ipsi
475 2165 744 2252 Cornpuratirum
768 2169 939 2252 praebent!

310 2275 416 2341 Multo
440 2279 549 2340 autem
574 2273 668 2360 plura
692 2275 822 2359 menda,
846 2297 929 2360 (pirae
954 2297 991 2339 ea
1016 2277 1152 2339 renata
1176 2277 1265 2358 sunt,
1293 2276 1388 2359 quod

219 2383 349 2448 librarii
375 2405 476 2449 nexus
506 2385 679 2450 verborum
708 2407 841 2468 prorsus
874 2382 1031 2448 incuriosi
1065 2404 1177 2446 rocem
1211 2381 1283 2446 roci
1312 2382 1389 2448 sive

219 2492 369 2578 sequenti
388 2491 457 2558 sire
477 2491 680 2557 antecedenti
701 2490 1043 2575 accommodaverim,
1067 2489 1206 2554 editores
1229 2481 1388 2574 ¹neglexe-

220 2603 306 2666 runt
341 2599 378 2666 P.
404 2599 466 2665 199
491 2605 574 2684 post.
598 2600 669 2664 init.
693 2625 710 2664 u
735 2597 828 2664 Cant.
853 2597 951 2664 Caius
977 2600 1024 2664 sic
1049 2597 1163 2663 edidit:
1188 2589 1284 2681 ἀρκεῖ
1299 2601 1387 2682 βρα-

220 2719 274 2792 χεῖ
297 2703 387 2797 λόγῳ
415 2705 639 2792 ὁεόηλωκίναι
673 2703 731 2782 rice
760 2706 797 2772 ἑν
826 2708 870 2794 τῷ
896 2704 966 2796 ζῴῳ
994 2703 1102 2781 πάσεις
1129 2697 1289 2790 ἀρτηρίας
1314 2701 1386 2772 ἀπὸ

220 2815 299 2900 μιᾶς
317 2813 446 2898 ἐκείνης
464 2817 665 2914 unmeaning,
692 2807 733 2898 ἢν
752 2811 787 2878 ἐκ
810 2815 869 2898 της
888 2807 1063 2898 ἀριστερᾶς
1081 2816 1209 2890 κοιλίας
1227 2813 1285 2896 της
1303 2837 1388 2898 καρ-

222 2925 312 3004 δίας,
333 2914 408 2988 οἷον
428 2921 463 2986 ἐκ
478 2922 543 3006 γῆς
561 2945 672 2998 τινος
686 2921 851 3005 πρέμνον,
871 2919 1028 3006 ε’λίγομεν
1047 2915 1194 3002 φύεσθαι
1216 2917 1387 3004 (orientius

221 3031 257 3096 iu
281 3029 307 3096 O
335 3031 494 3095 omissum
523 3029 688 3113 supplevit
713 3027 825 3112 (taius,
855 3029 894 3094 cf.
923 3027 1167 3115 euprepii).
1212 3028 1303 3094 Idem
1333 3029 1387 3096 Ch

221 3141 255 3202 et
278 3136 309 3204 K
332 3138 532 3222 scripserrurt
559 3159 624 3202 non
652 3137 835 3222 cogitantes
860 3137 1055 3202 ticnetirum
1084 3131 1176 3212 τινός
1199 3138 1387 3204 sententiae

220 3245 286 3312 loci
309 3267 375 3310 non
403 3249 517 3330 aptum
542 3249 639 3330 atque
665 3269 702 3310 ex
727 3245 1028 3310 accommodatione
1051 3243 1260 3310 Pronourinis
1285 3268 1313 3310 τι
1342 3249 1387 3312 ad

222 3353 418 3420 Genetirnm
442 3353 502 3438 γης
526 3362 633 3418 ortum
653 3375 733 3416 esse.
770 3353 884 3438 Itaque
909 3377 968 3418 nos
989 3351 1148 3417 edidimus
1169 3341 1244 3417 οἷον
1268 3351 1304 3418 ἐκ
1323 3355 1389 3438 γῆς

220 3484 256 3526 τι
285 3459 444 3546 πρέμνον.
490 3461 524 3526 P.
557 3462 622 3526 idi
652 3465 728 3546 post
757 3461 839 3526 med.
867 3459 1080 3526 MABChK:
1113 3453 1224 3544 ὥσπερ
1252 3457 1316 3546 γὰρ
1345 3461 1388 3526 ε’ν

221 3565 333 3661 τρόμῳ
364 3568 418 3636 καὶ
447 3563 578 3648 ἀνθέξει
611 3564 704 3645 rende
735 3565 787 3633 acci
822 3569 898 3632 τῶν
928 3570 1218 3650 παραπλησίων
1250 3564 1330 3652 ἴση,
1361 3565 1386 3636 ii

222 3673 278 3744 διὰ
301 3681 370 3744 τῶν
394 3673 524 3762 νεύρων
544 3676 741 3762 ἐνεργεῖται.
765 3679 832 3741 ἔστι
857 3701 906 3754 τις
925 3671 1144 3760 ε’πιτελεστικίη
1169 3673 1385 3765 κατάστασιῆ

222 3791 258 3852 at
283 3809 350 3853 non
373 3786 507 3853 dubium
537 3803 599 3868 est,
627 3787 706 3870 quin
730 3783 907 3850 Genetiuus
936 3781 1028 3862 τινός
1055 3783 1089 3848 in
1118 3783 1211 3849 libris
1241 3785 1385 3852 alterum

222 3895 372 3978 traxerit,
396 3915 455 3960 nos
480 3895 670 3980 scripsimus
695 3891 748 3958 καὶ
774 3905 860 3970 τοῖς
881 3895 1156 3978 παραπλησίοις.
1203 3891 1237 3958 Ρ.
1261 3893 1326 3958 325
1352 3917 1384 3980 p.

222 4001 306 4066 init:
330 3997 370 4066 τὰ
394 3998 476 4067 κατὰ
501 3998 563 4086 τὴν
587 3999 650 4084 ε’γώ
675 3997 811 4084 quirin,
840 3995 860 4064 ii
885 3997 927 4085 or}
952 3995 1016 4066 adv
1040 4013 1109 4076 τοῖς
1133 3998 1386 4084 ε’τιηιολογικοῖς

222 4103 315 4174 εἶπεν
342 4111 431 4194 ἔχειν
457 4135 488 4176 τι
518 4105 658 4192 φάσκων
688 4103 787 4174 αὐτὰ
821 4106 988 4174 δεικτικὸν
1016 4108 1052 4174 ἐκ
1079 4109 1140 4174 τοὺ
1170 4105 1386 4193 φαινομένου

223 4211 279 4282 σιὰ
304 4211 340 4282 rd
365 4213 447 4282 κατὰ
473 4213 535 4300 ripn
562 4213 698 4300 πρώτην
727 4216 764 4282 ἐν
792 4211 875 4302 αὐτη]
905 4213 1091 4300 actimido,
1119 4239 1178 4281 nas
1207 4240 1279 4282 cunr
1303 4221 1384 4284 t'or-

222 4325 316 4392 uario
344 4348 403 4411 pro
432 4319 517 4391 αὑτά
545 4325 735 4410 scripsimus
770 4319 906 4410 αὐιηιη
940 4349 1017 4391 uam
1047 4348 1112 4390 non
1141 4349 1194 4409 ca,
1225 4348 1307 4412 (pirae
1340 4327 1384 4393 ad

224 4457 335 4502 vocem
356 4456 417 4522 ego
437 4435 601 4522 pertinent
626 4431 678 4520 iric
698 4429 779 4500 κιιεὶι
805 4429 866 4520 την
882 4429 945 4518 e'poi
965 4429 1117 4518 ηωνην),
1142 4433 1195 4498 scd
1224 4457 1283 4500 ros
1308 4435 1382 4520 ipsa
