3048 5036
669 298 916 364 ...205-

1165 402 1193 476 b

209 482 266 526 ναι
285 461 354 527 τοῖν
371 462 419 539 είς
436 455 496 538 τάς
513 453 700 540 ἀποδείξεις
718 458 928 544 ἐπιτηδείων,
950 454 1035 526 ἀλλὰ
1054 459 1110 528 καὶ
1128 485 1192 527 του
1209 460 1373 548 δευτέρου

209 591 243 634 τε
276 565 330 633 καὶ
368 573 499 654 τρίτον,
537 567 751 653 περιέχεσθαι
784 565 821 633 δὲ
855 565 893 632 ἐν
924 568 970 656 τῷ
1003 565 1148 658 τετάρτῳ
1180 569 1270 654 γένει
1304 571 1375 636 τῶν

210 677 416 760 σοφιστικῶν
445 673 644 762 λημμάτων,
674 681 708 742 εί
726 699 763 759 γε
787 673 830 759 δὴ
858 671 969 760 σχῆμά
991 700 1023 741 τι
1047 676 1165 755 λέξεως
1188 673 1371 746 ὑποδύεται

208 784 532 869 πεπανουργημένον
563 808 596 850 τε
624 781 680 850 καί
704 783 953 868 σεσοφισμένου
973 779 1060 868 πρὸς
1082 779 1308 870 ἀμφιβολίαν,
1336 787 1375 854 ἐκ

176 887 332 972 ιταύτης
362 887 424 956 τὸν
455 895 592 977 ἔλεγχον
619 891 752 972 ἐλπίζον
779 886 1045 974 ἀποδράσεσθαι.
1099 891 1136 958 τὸ
1165 889 1230 978 γὰρ
1260 895 1308 960 εεί
1334 893 1373 960 δὲ

208 986 253 1082 ἦν
284 991 349 1064 άπὸ
390 1001 454 1066 τοῦ
489 997 677 1085 ἐγκεφάλου
709 1001 881 1084 χωροῦσα,
921 993 984 1065 einr
1020 992 1065 1066 ἂν
1102 996 1158 1066 διὰ
1196 999 1375 1086 φάρυγγος

209 1101 342 1190 ἐχύρει’
384 1110 566 1194 μοχθηρῶς
598 1111 664 1192 ἔχει
699 1103 763 1190 την
795 1101 860 1172 άπό
898 1104 1066 1192 πρόθεσιν
1098 1107 1295 1194 ἐγκειμένην
1330 1111 1374 1196 τῇ

208 1208 314 1298 ῥήσει.
359 1210 422 1280 δύο
446 1211 511 1300 γάρ
535 1218 622 1281 εἰσιν
646 1215 684 1281 ἐν
708 1211 809 1280 ἅπασι
833 1227 904 1292 τοῖς
926 1211 1093 1292 τοιούτοις
1116 1213 1229 1300 λόγοις
1252 1229 1376 1302 σαφεῖς

207 1319 398 1404 προθέσεις,
422 1317 443 1406 ἦ
465 1346 499 1388 τε
518 1317 584 1389 ύπό
608 1321 662 1390 καὶ
689 1317 773 1408 ipit,
793 1311 843 1388 oin
866 1317 1031 1407 οὐδεμίαν
1053 1322 1243 1408 παρέλαβεν
1261 1328 1372 1390 καίτοι

170 1455 195 1491 ιο
210 1425 400 1514 δυνάμει·ος
427 1432 534 1495 εἰπεῖν
563 1431 605 1496 ‘ei
628 1429 665 1497 δὲ
690 1419 732 1514 ἦν
760 1430 796 1496 ἐκ
819 1432 880 1497 τοῦ
904 1428 1093 1514 ἐγκεφάλου
1117 1433 1284 1516 χωροῦσα,
1308 1426 1374 1498 οὐκ

209 1527 253 1600 ἂν
272 1531 330 1602 διά
348 1533 523 1622 φάρυγγος
541 1536 669 1624 ἐχαίρεί
696 1531 713 1623 ἢ
737 1539 770 1604 εί
790 1533 835 1622 μὴ
860 1537 896 1603 ἐκ
919 1539 980 1604 τοῦ
998 1535 1196 1622 ἐγκεφάλου,
1219 1533 1284 1606 ὑπὸ
1309 1541 1375 1606 τοῦ

120 1716 125 1722 ,
209 1640 397 1728 ἐγκεφάλου
424 1667 461 1727 γε
488 1643 621 1723 πάντως
649 1645 750 1730 ἐρχην
778 1649 885 1711 εἰπεῖν
911 1640 1028 1711 αύτύυ.
1075 1641 1093 1730 η
1127 1642 1192 1730 γὰρ
1224 1643 1282 1713 διὰ
1312 1649 1375 1732 τῆς

209 1747 384 1836 φάρυγγος
415 1750 645 1838 ἐκπεμπομένη
682 1750 780 1838 φωνὴ
814 1757 850 1819 ἐκ
886 1751 980 1830 τινός
1010 1778 1045 1819 τε
1082 1751 1138 1820 καί
1176 1749 1241 1821 ύπύ
1277 1780 1375 1834 τινος

208 1857 419 1945 ἐκπέμπεται·
442 1863 479 1926 ἐκ
501 1884 594 1938 τινος
616 1857 678 1945 μὲν
701 1855 748 1938 ὡς
771 1855 909 1946 άγγείου
931 1862 1159 1946 περιέχοντος,
1188 1857 1254 1929 ύπό
1278 1886 1374 1942 τινος

169 1991 194 2032 ιε
209 1962 247 2032 δὲ
270 1961 316 2045 uic
339 1964 514 2052 δυνάμεως
536 1965 697 2052 κινούσης
718 1967 756 2036 τὸ
781 1969 948 2053 περιέχον·
976 1965 1088 2054 ὥσπερ
1116 1965 1229 2055 άμέλει
1252 1969 1308 2036 καὶ
1331 1969 1371 2038 τὸ

142 2062 316 2160 praecipua
344 2073 507 2160 ἐξέρχεται
534 2073 597 2162 μὲν
631 2073 688 2143 διὰ
720 2079 782 2143 τοῦ
810 2080 960 2160 αι’δοιόυ,
994 2077 1192 2163 ἐκπέμπεται
1225 2075 1261 2143 δὲ
1297 2077 1302 2166 Ι
1337 2079 1373 2160 ἐξ

208 2176 347 2268 άγγειόν
372 2183 454 2269 μέν,
483 2186 543 2268 της
575 2178 812 2270 ὑπερκειμένης
838 2182 999 2270 κύστεως,
1031 2181 1096 2252 ὑπὸ
1129 2183 1305 2272 δυνάμεως
1331 2184 1372 2253 δὲ

243 2395 516 2468 λπανουργημένον
535 2397 565 2452 Μ
588 2398 894 2470 πεπανουργημένιιλι
920 2400 1196 2470 πεπανουργημένοτ
1218 2403 1253 2456 A
1276 2431 1312 2442 -
1336 2397 1372 2457 ἐτι

207 2463 313 2538 ταύτης
335 2470 415 2525 codd.
439 2470 514 2536 edd,
543 2488 579 2525 an
606 2467 654 2525 ἐπὶ
677 2467 800 2540 ταύτηςι
824 2503 854 2514 -
882 2479 899 2525 5
919 2467 1039 2538 ἐλπίζων
1061 2473 1142 2527 codd.
1166 2473 1230 2529 edd.
1253 2467 1371 2540 ἐλπίζον

207 2557 266 2598 σοι.
287 2571 321 2582 -
340 2536 565 2610 άτιοδράοαοθαι
584 2542 622 2598 u.
642 2573 676 2584 -·
696 2549 713 2600 8
732 2548 876 2615 λογισμοῖς
894 2542 916 2597 L
936 2539 1031 2614 λόγοις
1049 2544 1116 2600 MA.
1135 2573 1171 2584 -

208 2725 491 2792 accommodatum
515 2728 579 2810 est,
607 2725 766 2792 excidisse
795 2725 884 2810 dieo,
913 2726 968 2792 sed
997 2727 1098 2793 etiam
1127 2748 1144 2791 e
1169 2726 1311 2824 seeuncio
1336 2735 1370 2794 et

206 2834 307 2900 tertio
331 2839 365 2900 et
391 2833 515 2900 versari
538 2833 573 2899 in
600 2839 718 2920 quarto
746 2856 864 2922 genere
888 2835 1090 2901 sumtionum
1112 2835 1369 2920 sophisticarum

207 2941 313 3028 figura
336 2941 477 3026 quadam
506 2940 634 3008 dicendi
664 2941 847 3010 involutam
880 2946 914 3008 et
940 2943 1058 3010 callide
1086 2944 1298 3030 captioseque
1327 2945 1369 3011 ad

207 3049 460 3136 ambiguitatem
484 3051 712 3118 concinnatam
736 3074 794 3137 spe
818 3050 1028 3118 refutationis
1053 3051 1239 3117 cludendae.
1279 3050 1368 3118 Nam

206 3156 288 3223 illud
312 3155 352 3222 ‘si
375 3150 440 3222 άπὸ
464 3154 662 3241 ἐγκεφάλου,
686 3159 707 3224 i.
731 3181 748 3224 e
771 3159 811 3225 de
834 3159 968 3225 cerebro
991 3159 1196 3244 procederet,
1218 3179 1286 3226 non
1309 3181 1370 3245 per

206 3245 358 3350 asperam
391 3265 547 3331 arteriam
581 3266 790 3350 procederet'
832 3267 1117 3352 Praepositiouem
1148 3259 1215 3334 άπύ
1248 3266 1368 3334 vitiose

206 3372 395 3459 appositam
417 3371 527 3438 habet.
573 3371 665 3440 Duae
695 3375 784 3440 enim
811 3396 886 3441 cum
914 3375 983 3440 sint
1009 3375 1045 3440 in
1071 3373 1169 3440 istius
1198 3375 1288 3441 modi
1315 3397 1367 3442 ra·

206 3480 353 3550 tionibus
376 3480 642 3566 Praepositiones
671 3484 806 3548 minime
841 3484 1017 3568 ancipites,
1049 3477 1131 3564 ὑπό,
1160 3483 1180 3548 i„
1209 3505 1235 3550 e.
1263 3485 1306 3550 ab
1334 3488 1369 3549 et

206 3587 256 3672 ἐξ,
279 3589 301 3655 i.
324 3610 350 3655 e.
379 3611 431 3672 ex,
462 3593 614 3656 neutram
647 3591 778 3675 sumsit,
811 3612 1009 3677 quamquam
1037 3590 1144 3656 dicere
1173 3591 1283 3675 potuit
1309 3597 1368 3657 aut

205 3695 255 3762 ita
287 3694 328 3762 ‘si
362 3719 401 3762 ex
433 3698 566 3764 cerebro
603 3699 807 3784 procederet,
839 3722 906 3766 non
938 3719 997 3784 per
1029 3721 1180 3784 asperam
1209 3698 1367 3766 ameriam

205 3802 422 3890 procederet',
445 3811 511 3888 aut,
535 3805 563 3870 si
583 3806 690 3872 minus
709 3807 863 3892 placebat
885 3806 937 3872 ‘ex
956 3806 1111 3893 cerebro’,
1135 3811 1222 3872 certe
1241 3829 1261 3872 a
1280 3829 1367 3874 cere·

207 3912 282 3996 bro,
304 3912 392 3999 quod
415 3915 465 3978 cst
491 3907 553 3978 ὑπὸ
583 3913 644 3978 τοῦ
668 3910 868 3998 ἐγκεφάλου,
896 3915 1007 4002 utique
1036 3915 1066 3980 ei
1094 3915 1266 3982 dicendum
1294 3915 1368 3982 tuit

208 4018 299 4097 Quae
330 4021 416 4086 enim
445 4043 503 4106 per
531 4043 682 4104 asperam
712 4023 867 4088 arteriam
897 4023 1061 4089 emittitur
1084 4046 1161 4104 vox,
1190 4046 1229 4089 cx
1255 4023 1366 4110 aliquo

206 4131 239 4194 et
262 4129 305 4194 ab
329 4127 439 4214 aliquo
469 4129 645 4212 emittitur,
676 4152 714 4194 cx
739 4129 848 4214 aliquo
872 4131 962 4197 velut
989 4153 1066 4196 vase
1097 4131 1294 4216 continente,
1321 4132 1366 4198 ab

205 4235 318 4322 aliquo
339 4237 427 4302 velut
450 4237 609 4304 facultate
633 4237 804 4302 continens
828 4243 988 4304 movente.
1035 4238 1081 4304 L't
1104 4239 1253 4326 exemplo
1277 4243 1368 4306 utar:

207 4343 303 4412 urina
335 4344 501 4431 egreditur
530 4367 589 4430 per
620 4367 751 4430 penem,
781 4345 944 4412 emittitur
972 4351 1083 4412 antem
1117 4369 1135 4410 o
1167 4369 1259 4430 vase,
1289 4347 1310 4414 i.
1338 4369 1366 4414 e.
