2992 5034
546 316 836 392 .-491-

144 475 257 560 modia
278 472 333 541 καὶ
353 465 441 562 ἦπιιρ
461 470 559 562 άρχαὶ
582 477 652 544 τῶν
670 479 876 546 διοικουσῶν
895 473 985 566 ἡμᾶς·
998 475 1179 564 δυνάμεων
1200 479 1294 546 εἰσιν.

144 575 269 668 άφῖκται
293 573 358 650 οὖν
382 580 399 651 ὁ
425 581 525 670 λόγος
548 581 613 672 ἤδη
636 582 721 673 πρὸς
743 587 843 654 τοῦτο
866 585 922 654 καὶ
952 581 1062 674 ἀρχὴν
1082 585 1147 668 ἕξει
1170 609 1207 673 γε
1229 581 1293 673 τὴν

143 689 206 754 τῶν
231 685 407 778 ὀνομάτων
435 690 607 779 ἐξήγησιν,
644 687 695 773 οἷς
725 693 919 782 ἔμπροσθέν
944 720 981 762 τε
1008 689 1074 782 ἤδη
1101 691 1293 782 κεχρήμεθα

144 789 203 862 κάν
223 801 266 890 τῷ
289 797 413 887 μεταξὺ
435 798 544 890 τούτῳ
572 799 661 892 λόγῳ
685 800 845 885 πολλάκις
872 799 1077 890 χρησόμεθα.
1120 799 1206 890 πρὸς
1227 800 1292 890 γάρ
1326 799 1332 810 ’

143 901 176 970 τὸ
207 905 348 994 μηθενὸς
379 909 448 975 τῶν
479 909 666 996 εἰρημένων
693 907 915 998 παρακούειν,
945 905 1030 978 ἀλλὰ
1057 911 1095 979 έν
1122 907 1225 978 ἅπασι
1252 909 1326 980 τὸ5

143 1014 360 1102 διωρισμένον
382 1041 415 1084 τε
440 1013 508 1104 άμα
531 1016 586 1084 καὶ
610 1015 715 1104 σαφές
737 1018 873 1106 ἕτοιμον
891 1014 1055 1106 ὑπάρχειν
1073 1012 1293 1106 άναγκαιότα-

143 1116 198 1188 τόν
219 1121 308 1190 ἐστιν
335 1123 568 1194 ἕκαστοντῶν
596 1121 773 1214 ὀνομάτων
798 1122 852 1214 ἐφ’
882 1123 964 1196 ὅτου
991 1125 1120 1213 λέγεται
1143 1123 1293 1214 πράγμα-

144 1253 195 1306 τος
215 1225 359 1318 ἀκριβῶς
381 1227 588 1319 ἀφωρίσθαι.
633 1233 687 1302 καὶ
712 1233 776 1321 γάρ
799 1261 852 1303 τοι
875 1233 931 1304 καὶ
954 1231 1102 1302 λύεσθαί
1124 1259 1202 1302 τινα
1223 1234 1294 1301 τῶν

143 1339 326 1422 ἔμπροσθεν
349 1341 615 1426 προβληθέντων
639 1339 833 1430 ζητημάτων
862 1343 897 1411 έκ
923 1341 1048 1411 τούτου
1074 1343 1137 1410 τοῦ
1165 1337 1293 1429 τρόπον

141 1445 359 1534 συμβέβηκεν,
393 1444 520 1534 ὥσπερ,
553 1445 662 1538 οἶμαι,
694 1451 749 1518 καὶ
782 1449 875 1538 τάδε,
902 1447 1047 1539 πότερον
1075 1449 1244 1537 ἐνεργείας
1271 1441 1333 1536 ἦν

139 1551 229 1640 πάθη
247 1556 537 1642 προσαγορευτέον
557 1557 625 1626 ἐστὶ
644 1555 707 1646 τὴν
726 1559 912 1649 ἐπιθυμίαν
934 1557 990 1627 καὶ
1009 1557 1071 1627 τὸν
1089 1555 1205 1645 θυμὸν
1228 1553 1292 1626 ὅσα

140 1685 173 1728 τε
191 1657 273 1730 ἄλλα
295 1665 444 1732 τοιαῦτα.
483 1659 501 1752 ἡ
525 1663 588 1754 μὲν
611 1656 675 1735 οὖν
698 1665 847 1753 ἐνέργεια
870 1671 1002 1755 κίνησίς
1025 1667 1094 1736 ἐστι
1118 1663 1292 1754 δραστική,

139 1769 316 1858 δραστικὴν
340 1770 378 1838 di
401 1767 555 1861 ὀνομάζω
578 1771 641 1862 τὴν
665 1773 698 1855 ἐξ
717 1773 851 1862 ἑαυτοῦ,
873 1774 911 1845 τὸ
936 1773 973 1843 δὲ
997 1773 1109 1856 πάθος
1130 1774 1169 1842 έν
1191 1772 1291 1866 ἑτέρῳ

138 1881 264 1964 κίνησίς
286 1879 378 1946 έστιν
401 1881 434 1962 ἐξ
457 1879 582 1968 ἑτέρου.
627 1878 742 1972 ὅστε-Ι
767 1877 956 1971 ἀναγκαῖον
979 1881 1041 1972 μὲν
1063 1880 1223 1962 πολλάκις
1245 1884 1358 1962 clauo?

137 1983 175 2050 ἓν
205 1979 426 2074 ὑποκείμενον
458 1991 504 2080 τῷ
540 1987 642 2058 πάθει
675 1989 738 2076 τὴν
774 1989 946 2080 ἐνέργειαν
979 1989 1204 2080 συνέρχεσθαι
1235 1989 1333 2058 xatas
1361 2020 1369 2032 ·

136 2089 216 2160 κατὰ
237 2097 338 2163 τοῦτο
363 2097 539 2184 ὸιαφέρειν
565 2097 690 2185 μηθέν,
718 2101 764 2190 τῷ
788 2097 878 2191 λόγῳ
901 2099 1016 2188 μέντοι
1040 2097 1225 2187 διαφέρειν.
1269 2093 1291 2186 ἡ

171 2323 311 2396 idolum
329 2329 361 2383 L.
381 2359 414 2370 -
436 2327 493 2396 ἕξει
512 2329 543 2384 n.
564 2361 597 2372 —
617 2351 648 2402 με
669 2349 724 2388 orn.
743 2331 916 2388 nauehu.
937 2363 969 2374 ·-
990 2339 1006 2388 3
1025 2325 1293 2402 κεχρήμεθαῚρός

137 2395 189 2481 [rip
207 2395 238 2454 τὸ
259 2401 377 2466 omissis,
398 2419 471 2471 quae
490 2403 639 2460 interiecta
657 2409 730 2472 aunt,
750 2405 843 2461 verbio
862 2403 899 2460 M.
921 2433 954 2446 -·
974 2411 990 2459 o
1010 2403 1048 2458 roi
1067 2399 1192 2474 μηθενὸς
1210 2401 1242 2460 1..
1257 2433 1290 2444 ,-

136 2491 222 2528 ακασι
243 2473 280 2526 τιὸ
297 2473 327 2526 L.
343 2503 377 2514 -
397 2481 412 2526 u
433 2473 608 2544 ὄιιορισμένω
629 2475 660 2530 Ιι.
680 2507 713 2518 ·-
734 2478 833 2547 σαφῶς
848 2475 878 2532 Ιι.
899 2507 932 2518 -
953 2481 969 2530 ’λ
988 2479 1017 2530 τί
1033 2479 1099 2531 autc
1119 2471 1196 2532 torro
1209 2473 1242 2529 Ia.
1256 2503 1291 2516 -

136 2553 151 2598 u
174 2539 397 2617 ἀναβληθέντων
421 2546 500 2600 codd.
525 2547 587 2604 edu.
613 2550 710 2621 προβὶ.
733 2565 792 2604 non.
819 2578 853 2590 -
881 2554 913 2604 10
941 2543 1006 2617 τόγε
1035 2563 1086 2619 pro
1108 2543 1175 2604 τάδε
1200 2545 1232 2602 L.
1257 2575 1290 2588 -

139 2623 168 2670 1ο
188 2615 343 2686 θραοτιιιιζν
362 2635 416 2673 om.
436 2619 474 2673 M.
495 2649 527 2660 -·
550 2625 582 2676 16
602 2617 630 2676 εἰ
647 2637 699 2692 pro
718 2615 736 2690 ἡ
756 2619 793 2677 ni.
814 2651 847 2662 -

135 2765 345 2778 ——a-—n—

135 2855 227 2922 bnuu
257 2861 287 2920 et
323 2879 379 2922 cor
406 2861 439 2921 et
471 2855 561 2924 iecur
587 2857 650 2923 tria
682 2880 752 2923 esse
784 2857 969 2944 regentium
1000 2880 1061 2924 nos
1094 2857 1291 2924 facultatum

134 2963 294 3050 principia
319 2963 542 3048 probaremus.
588 2965 683 3032 Nunc
711 2989 787 3032 vcro
811 2967 877 3032 iam
906 2965 948 3031 ad
975 2965 1038 3032 hoo
1061 2968 1173 3031 nostra
1198 2963 1291 3031 deve·

136 3075 184 3138 nit
208 3071 314 3138 oratio
339 3084 436 3156 atque
461 3073 629 3139 exordium
657 3073 786 3160 quidem
810 3072 992 3140 lrabebita
1019 3072 1189 3140 nominum
1213 3095 1292 3160 quo·

135 3181 269 3246 tundam
299 3181 586 3264 interpretatione,
613 3181 729 3268 quibus
759 3185 792 3247 et
820 3205 920 3268 supra
947 3183 1014 3248 ianr
1042 3181 1093 3247 usi
1121 3203 1233 3247 sumus
1258 3185 1291 3245 et

135 3289 164 3356 io
195 3289 256 3354 irae
285 3287 390 3354 inedia
422 3289 570 3355 oratione
599 3311 696 3374 saepe
725 3295 864 3356 utemur.
917 3287 969 3355 Ne
998 3289 1084 3355 eninr
1111 3289 1290 3376 'quidquam

134 3397 229 3464 aliter
260 3419 298 3464 ac
326 3397 449 3462 dietum
479 3397 520 3460 su
556 3397 749 3484 accipietur,
782 3397 836 3462 sed
867 3397 978 3464 omnia
1005 3397 1039 3464 in
1067 3401 1199 3482 promtu
1223 3397 1290 3462 sint

134 3505 264 3572 ‹tetinita
286 3511 319 3570 et·
338 3505 509 3590 explicato,
530 3505 670 3572 maxime
688 3505 910 3572 necessarium
929 3509 980 3570 eat
998 3504 1127 3586 singulo
1146 3503 1290 3588 nomina,

134 3637 192 3700 qua
219 3615 257 3678 de
282 3637 315 3676 re
339 3613 498 3698 «licuntur,
523 3619 673 3680 accurate
697 3615 839 3680 definire.
877 3613 944 3691 Qua
971 3613 1098 3679 ratione
1118 3611 1290 3698 contingit,

134 3729 169 3788 ut.
192 3731 222 3786 et
248 3723 332 3786 uliae
355 3721 513 3806 <praedam
543 3723 855 3808 rupra'propositae
879 3721 1087 3808 quaestiones
1111 3719 1290 3788 enodenrur

134 3839 164 3896 et
192 3829 290 3912 haec,
318 3831 448 3916 opinor.
483 3837 590 3895 utrum
620 3829 831 3915 cupiditatem
857 3837 891 3894 et
915 3829 1118 3896 iracundiam
1143 3829 1288 3896 actiones

135 3961 173 4004 au
198 3943 333 4004 annuns
363 3939 529 4022 appellare
557 3939 729 4004 conveniat
753 3937 942 4024 reliquaque
972 3939 1003 4004 id
1032 3959 1144 4026 genus.
1190 3937 1288 4002 Actio

135 4047 234 4128 igitur
257 4047 360 4112 motio
381 4053 429 4108 eat
454 4047 608 4128 edicione,
633 4045 828 4112 efficientem
848 4053 958 4112 autem
978 4047 1061 4130 dico,
1084 4065 1167 4132 quae
1191 4067 1230 4110 ex
1254 4067 1289 4110 se

135 4154 361 4240 pr·otieiscitur;
387 4155 516 4219 attia-rio
542 4159 590 4218 eet
616 4153 718 4220 motio
743 4153 776 4218 in
801 4153 905 4218 altero
928 4177 967 4218 ex
991 4153 1105 4218 altero.
1146 4151 1218 4230 Quo
1242 4153 1289 4238 fir,

136 4274 167 4328 ut
195 4263 381 4330 nea-sarrin
416 4263 501 4328 aetio
536 4283 633 4346 ειιομο
663 4265 696 4326 et
727 4261 858 4328 affectio
886 4261 921 4328 iu
949 4283 1013 4326 uua
1041 4259 1217 4346 eademque
1245 4283 1290 4346 re,

136 4393 216 4456 quae
240 4369 467 4445 subintroeat,
491 4369 687 4436 conveniant
709 4391 813 4454 noque
832 4367 895 4437 hoc
917 4369 1059 4452 nomine,
1083 4367 1139 4434 sed
1161 4369 1289 4436 ratione
