2982 5026
731 321 975 389 ...504-

276 502 332 550 σαι
355 480 392 551 τὸ
417 487 559 568 κρανίον
583 477 676 560 ἐντὸς
703 475 810 550 αὐτοῦ
838 481 1000 568 γένωνται
1024 479 1108 548 κατὰ
1136 481 1200 568 την
1225 483 1448 570 καλουμένην

276 587 462 678 ἐγκεφάλου
489 587 600 674 βόσιν.
646 589 794 656 ἐνταῦθα
822 587 886 676 γάρ
911 586 972 658 ούκ
1001 584 1121 676 όλίγην
1144 588 1272 676 χώραν
1307 589 1330 679 ἡ
1356 590 1448 676 φύσις

275 690 352 766 οἷον
369 695 529 784 θαλύμην
547 694 622 764 τινὰ
642 699 686 786 τῷ
707 701 907 766 ὁικιυοειόεῑ
922 701 1006 789 τῷόε
1025 697 1264 782 παρεσκεύασε
1286 701 1448 786 πλέγμαιι

273 805 513 892 περιεχομένην
540 799 605 872 ὑπο
630 807 687 890 της
714 811 849 891 παχείας
871 801 1049 892 μήνιγγος,
1078 809 1126 884 είς
1155 801 1198 892 ἣν
1226 807 1364 894 χώραν
1391 805 1447 874 ἀπὸ

247 917 343 982 νεῶν
384 915 582 998 καροιίὸων
624 906 882 998 ὀνομαζομένων
923 909 1093 998 ἀρτηριῶν
1135 909 1177 980 ού
1218 915 1367 1003 σμικρά
1408 944 1450 996 τις

274 1017 505 1108 ἀφικνουμένη
538 1033 655 1106 μοῖρα,
683 1016 762 1089 καθ’
794 1017 951 1106 ἑκάτερον
980 1021 1081 1107 μέρος
1109 1023 1148 1088 ἓν
1175 1017 1351 1106 ἀγγεῖον,
1386 1021 1447 1091 εἶτα

274 1125 546 1214 κατασχιζόμεναι
571 1131 757 1208 αοίισιόώς
774 1124 836 1213 ούχ
855 1123 985 1196 ἁπλοῦν
1003 1126 1198 1214 ἐργάζονται
1223 1127 1268 1196 τὸ
1294 1133 1448 1198 δίκτυον.

274 1231 359 1303 ἀλλά
383 1235 435 1302 ent
459 1231 616 1322 ἀλληλοις
639 1239 773 1321 κείμενα
797 1232 902 1302 πολλὰ
925 1259 1006 1321 μετα
1029 1236 1093 1302 τού
1116 1239 1314 1322 συνήρθαί
1336 1263 1375 1305 τε
1399 1241 1446 1305 καὶ

274 1343 526 1430 συμπεφυκέναι
545 1341 662 1410 πάνια.
695 1343 749 1409 καὶ
768 1340 870 1410 πάλιν
889 1367 926 1428 γε
944 1339 1028 1410 καιά
1045 1345 1107 1410 τού
1125 1345 1331 1430 πλέγματος
1351 1351 1448 1414 τοίύι

234 1471 260 1512 ιο
273 1447 472 1537 τηλικούτου
501 1448 636 1535 ζεύγους
663 1446 832 1535 ἀρτηριῶν
861 1451 1088 1536 ε’κφυομένου,
1121 1447 1238 1537 ἡλίκον
1271 1453 1312 1534 ἐξ
1346 1449 1448 1540 ἀρχῆς

274 1550 317 1644 ἦν
342 1555 380 1626 τὸ
409 1555 498 1642 παρὰ
528 1560 597 1624 τῶν
627 1561 823 1642 καρωτίόων
852 1548 949 1644 ἧκον,
979 1562 1027 1636 είς
1048 1555 1111 1624 τὸν
1140 1558 1344 1642 {praematura
1370 1557 1446 1628 ἀνιτ-

273 1665 407 1753 φέρεται
432 1664 529 1732 τότε
560 1661 643 1732 ἀλλα
671 1665 753 1751 μέρη
785 1666 964 1732 όιαιιίέιιον
987 1661 1093 1733 αὐτοῦ
1116 1662 1342 1753 παμπόλλαις
1368 1665 1445 1734 ἀπο

206 1769 430 1860 ουενεμήσεσι
453 1772 509 1840 καὶ
532 1770 573 1840 τὰ
596 1769 678 1839 κατά
697 1771 756 1850 τὰς
777 1778 906 1851 κοιλίας
924 1771 1149 1858 ἐργαζόμενον
1167 1774 1374 1864 πλέγμαξτα.
1411 1781 1444 1842 τὸ

272 1877 336 1966 μὲν
359 1869 422 1946 οὖν
444 1877 532 1947 uarie
552 1880 611 1960 ιάς
634 1875 793 1965 ἀρτηρίας
816 1877 870 1947 καὶ
894 1877 956 1966 τὴν
974 1883 1120 1966 καρδίαν
1137 1883 1276 1967 πνεῦμα
1299 1883 1444 1965 ζωτικόν

233 2009 259 2050 ιι
274 1987 346 2054 έστί
365 2011 400 2054 τε
423 1985 478 2054 καὶ
501 1983 796 2076 προσαγορεύεται,
819 1985 850 2056 ri
881 1985 919 2054 ot
937 1984 1020 2056 κατὰ
1042 1985 1103 2056 τὸν
1123 1989 1321 2074 ἐγκέφαλον
1349 2007 1443 2078 ψυχι-

309 2265 324 2314 6
344 2257 507 2326 δικτυοειὸῆ
528 2257 563 2312 ll.
590 2288 623 2298 -
648 2252 860 2324 παρεσκεύασαι
884 2255 923 2322 (ἱιι
947 2257 1153 2327 dittogmphia,
1178 2259 1214 2314 de
1233 2277 1298 2330 qus
1316 2261 1398 2318 infra
1417 2281 1440 2332 p.

273 2337 334 2396 606,
356 2337 388 2385 16
407 2325 619 2398 παρεσκεύασαι
639 2345 709 2383 corr.
729 2329 790 2383 ead.
809 2345 882 2383 man.
907 2329 936 2382 in
955 2325 1163 2396 παρεσκεύασε)
1182 2331 1220 2386 Μ.
1241 2363 1277 2374 -
1301 2342 1317 2390 ῖ
1339 2337 1393 2388 καὶ
1413 2334 1440 2388 τὸ

272 2401 352 2457 codd.
373 2401 434 2456 edd.
455 2401 503 2454 καὶ
523 2400 662 2456 eiecimus.
683 2429 717 2440 ·-
742 2407 774 2454 13
795 2397 984 2470 ἐργαζόμενον
1012 2401 1050 2470 ein
1074 2401 1192 2472 dittogr.
1218 2398 1391 2472 έργύζεταιι
1415 2407 1440 2459 ,ll

274 2467 450 2544 ἐργαζόμενα
470 2472 609 2528 AsschK.
630 2503 661 2514 -—
688 2469 718 2526 ro¹
739 2471 792 2540 μὲν
811 2465 865 2526 ούν
884 2493 908 2526 κ.
929 2493 951 2526 τ.
970 2476 993 2526 l.
1013 2489 1100 2540 usque
1120 2475 1157 2528 ud
1176 2469 1323 2544 ἀκριβοῦς
1343 2487 1440 2546 τυχεῖν

272 2547 310 2615 (p.
326 2551 387 2614 605,
403 2548 429 2613 8)
449 2542 558 2600 Oribas.
575 2544 620 2602 ΙΙΙ.
641 2550 700 2598 ι216.
718 2575 749 2584 ·-
773 2551 803 2598 ll
823 2539 959 2611 ἀρτηρίας
973 2543 1020 2597 καὶ
1040 2540 1090 2612 τὴν
1106 2547 1231 2610 καρδίαν
1246 2547 1330 2604 Orio.
1352 2571 1404 2603 και
1419 2571 1439 2602 τ.

273 2635 298 2670 κ.
318 2633 372 2672 om.
392 2616 453 2672 Gal.
473 2616 553 2672 codd.
572 2616 635 2670 edd.
656 2645 688 2656 -
704 2612 828 2742 ἱατικὴν
848 2615 887 2680 tin
907 2615 1022 2685 dittogr.
1043 2611 1174 2687 ζωτικὸν)
1195 2617 1233 2673 M.
1254 2651 1291 2662 -·
1318 2618 1440 2688 ζωτικόν

273 2707 303 2743 τε
324 2683 383 2744 έσιι
400 2689 450 2743 καί
469 2687 546 2744 Orib.
566 2683 684 2754 ζωτικὸν
720 2688 765 2742 στί
781 2706 810 2742 τε
831 2687 879 2742 καὶ
899 2687 961 2743 Gal.
980 2686 1059 2743 codd.
1080 2687 1142 2743 edd.
1163 2719 1199 2729 -

273 2985 328 3028 sse
356 2961 390 3028 in
419 2961 522 3047 ipsius
551 2960 674 3028 cerebri
702 2959 948 3026 fundumentum
981 2960 1032 3024 vel
1064 2959 1162 3026 basin
1191 2999 1237 3010 -
1265 2965 1316 3031 sio
1348 2967 1438 3032 enim

273 3069 442 3155 appellant
466 3105 506 3116 -
532 3073 772 3136 concurrerunt.
814 3067 863 3133 Ibi
888 3069 973 3133 euim
997 3080 1116 3133 natura
1140 3067 1251 3136 locum
1275 3094 1349 3139 non
1375 3075 1437 3140 exi·

273 3198 373 3264 guum
393 3177 486 3262 quasi
506 3178 657 3244 cellulam
681 3177 844 3262 quandum
864 3199 882 3242 a
907 3197 1018 3241 crassa
1036 3174 1231 3244 membrana
1249 3179 1436 3248 circumda-

273 3287 341 3350 tam
370 3285 536 3350 reticulari
565 3285 614 3350 illi
643 3289 789 3349 texturae
818 3283 1039 3368 praeparavit,
1068 3283 1101 3349 in
1129 3306 1228 3370 quem
1256 3286 1373 3355 locum
1400 3313 1436 3355 ex

272 3390 412 3474 arteriis,
435 3413 517 3476 quae
542 3393 702 3458 eurotides
727 3392 887 3472 (licuntur,
909 3413 975 3457 non
1000 3413 1100 3474 parve
1123 3395 1286 3477 quaedam
1312 3401 1438 3480 portio.

272 3521 336 3564 uno
361 3498 487 3564 seilicet
510 3521 547 3564 ex
572 3508 710 3584 utraque
738 3503 830 3584 parte
854 3519 931 3562 vase
955 3499 1133 3582 promisso,
1157 3503 1325 3587 pervenit,
1350 3527 1436 3590 quae

272 3610 389 3704 postea
417 3605 450 3671 in
480 3607 694 3692 multiplicem
724 3607 870 3672 sobolem
899 3605 1054 3672 discissae
1086 3611 1155 3673 rete
1187 3631 1255 3676 nou
1289 3610 1436 3698 simplex

272 3712 457 3796 conficiunt,
468 3713 532 3779 sed
552 3713 654 3778 multu
671 3714 736 3779 ulia
756 3713 830 3778 aliis
850 3714 1033 3799 superiecta
1051 3715 1109 3800 ita,
1127 3721 1164 3780 ut
1178 3717 1292 3782 omniu
1307 3741 1434 3784 conexu

272 3819 339 3886 sint
362 3819 448 3886 inter
470 3843 505 3886 se
521 3826 563 3887 et
581 3821 770 3889 coaluerint.
802 3821 847 3886 Et
870 3843 981 3886 misus
1000 3845 1040 3888 ex
1058 3822 1120 3888 hae
1142 3825 1276 3888 textina
1300 3827 1435 3892 tantum

272 3927 466 3994 arteriarum
490 3950 551 4012 par
574 3930 735 4012 esuriem,
768 3933 926 4013 quantum
950 3951 969 3994 a
996 3929 1157 4014 principio
1183 3953 1200 3994 e
1224 3933 1434 4000 carotidibus

271 4039 490 4119 processerat,
517 4037 552 4102 in
581 4038 750 4102 cerebrum
779 4039 910 4101 etl'ertur
943 4040 1071 4102 etcum
1101 4035 1184 4102 alies
1214 4037 1286 4105 eius
1310 4047 1434 4126 portes

253 4143 342 4206 tum
381 4141 635 4209 ventriculorum
673 4144 914 4228 complexiones
953 4143 1065 4210 multis
1105 4145 1241 4212 ramulis
1282 4147 1433 4218 innectit.

272 4245 414 4333 Spiritus
437 4247 548 4335 igitur,
572 4249 627 4335 qui
652 4251 686 4315 in
710 4251 805 4317 corde
826 4252 1019 4336 arteriisque
1038 4251 1235 4338 continetur,
1259 4257 1379 4326 vitalis
1402 4267 1434 4324 et

272 4357 378 4422 estet
401 4353 534 4442 dicitur,
557 4357 667 4442 quiin
690 4360 838 4446 cerebm‚
866 4360 1035 4444 animalis,
1061 4381 1126 4428 non
1149 4381 1215 4446 quo
1241 4365 1430 4436 substantia
