<?xml version="1.0" encoding="UTF-8"?>
<!DOCTYPE html PUBLIC "-//W3C//DTD XHTML 1.0 Transitional//EN"
    "http://www.w3.org/TR/xhtml1/DTD/xhtml1-transitional.dtd">
<html xmlns="http://www.w3.org/1999/xhtml" xml:lang="en" lang="en">
 <head>
  <title>
</title>
<meta http-equiv="Content-Type" content="text/html;charset=utf-8" />
  <meta name='ocr-system' content='tesseract 3.04.00' />
  <meta name='ocr-capabilities' content='ocr_page ocr_carea ocr_par ocr_line ocrx_word'/>
</head>
<body>
  <div class='ocr_page' id='page_1' title='image "./claudiigalenide01mlgoog_0213.png"; bbox 0 0 3048 5036; ppageno 0'>
   <div class='ocr_carea' id='block_1_1' title="bbox 707 387 951 462">
    <p class='ocr_par' dir='ltr' id='par_1_1' title="bbox 707 387 951 462">
     <span class='ocr_line' id='line_1_1' title="bbox 707 387 951 462; baseline 0.008 -20"><span class='ocrx_word' id='word_1_1' title='bbox 707 387 951 462; x_wconf 78' lang='lat'>-190-</span> 
     </span>
    </p>
   </div>
   <div class='ocr_carea' id='block_1_2' title="bbox 183 547 1431 2263">
    <p class='ocr_par' dir='ltr' id='par_1_2' title="bbox 183 547 1431 2263">
     <span class='ocr_line' id='line_1_2' title="bbox 251 547 1429 646; baseline 0.008 -25"><span class='ocrx_word' id='word_1_2' title='bbox 251 547 425 642; x_wconf 79' lang='grc' dir='ltr'><strong><em>ρυφίρους</em></strong></span> <span class='ocrx_word' id='word_1_3' title='bbox 451 555 516 640; x_wconf 75' lang='grc' dir='ltr'><strong><em>ἔχει</em></strong></span> <span class='ocrx_word' id='word_1_4' title='bbox 543 549 603 633; x_wconf 74' lang='grc' dir='ltr'>τὰς</span> <span class='ocrx_word' id='word_1_5' title='bbox 629 551 806 642; x_wconf 73' lang='grc' dir='ltr'><strong><em>αἰσθήσεις</em></strong></span> <span class='ocrx_word' id='word_1_6' title='bbox 831 554 1095 645; x_wconf 80' lang='grc' dir='ltr'><strong><em>περιῳκισμέυας</em></strong></span> <span class='ocrx_word' id='word_1_7' title='bbox 1121 549 1202 625; x_wconf 70' lang='grc' dir='ltr'>οὐδὲ</span> <span class='ocrx_word' id='word_1_8' title='bbox 1229 565 1264 626; x_wconf 79' lang='grc' dir='ltr'>ελ</span> <span class='ocrx_word' id='word_1_9' title='bbox 1287 585 1328 646; x_wconf 89' lang='grc' dir='ltr'>γε</span> <span class='ocrx_word' id='word_1_10' title='bbox 1361 557 1429 630; x_wconf 78' lang='grc' dir='ltr'>καὶ</span> 
     </span>
     <span class='ocr_line' id='line_1_3' title="bbox 250 657 1431 757; baseline 0.007 -27"><span class='ocrx_word' id='word_1_11' title='bbox 250 665 350 732; x_wconf 85' lang='grc' dir='ltr'><strong><em>τοῦτο</em></strong></span> <span class='ocrx_word' id='word_1_12' title='bbox 377 661 468 747; x_wconf 96' lang='grc' dir='ltr'><strong><em>λέγοι</em></strong></span> <span class='ocrx_word' id='word_1_13' title='bbox 495 687 561 746; x_wconf 89' lang='grc' dir='ltr'><strong><em>τις,</em></strong></span> <span class='ocrx_word' id='word_1_14' title='bbox 588 659 669 750; x_wconf 80' lang='grc' dir='ltr'><strong><em>ὅπερ</em></strong></span> <span class='ocrx_word' id='word_1_15' title='bbox 697 657 845 750; x_wconf 78' lang='grc' dir='ltr'><strong><em>οὐρανὸς</em></strong></span> <span class='ocrx_word' id='word_1_16' title='bbox 872 662 909 730; x_wconf 87' lang='grc' dir='ltr'>έν</span> <span class='ocrx_word' id='word_1_17' title='bbox 932 659 1000 752; x_wconf 83' lang='grc' dir='ltr'>ὅλῳ</span> <span class='ocrx_word' id='word_1_18' title='bbox 1022 667 1068 754; x_wconf 76' lang='grc' dir='ltr'>τῷ</span> <span class='ocrx_word' id='word_1_19' title='bbox 1092 663 1222 757; x_wconf 80' lang='grc' dir='ltr'><strong><em>κόσμῳ,</em></strong></span> <span class='ocrx_word' id='word_1_20' title='bbox 1245 670 1356 738; x_wconf 84' lang='grc' dir='ltr'><strong><em>τοῦτο</em></strong></span> <span class='ocrx_word' id='word_1_21' title='bbox 1385 671 1431 738; x_wconf 86' lang='grc' dir='ltr'>έν</span> 
     </span>
     <span class='ocr_line' id='line_1_4' title="bbox 250 765 1430 860; baseline 0.007 -23"><span class='ocrx_word' id='word_1_22' title='bbox 250 765 447 858; x_wconf 69' lang='grc' dir='ltr'><strong><em>ἀνθρώποις</em></strong></span> <span class='ocrx_word' id='word_1_23' title='bbox 469 766 556 836; x_wconf 77' lang='grc' dir='ltr'><strong><em>εἶναι</em></strong></span> <span class='ocrx_word' id='word_1_24' title='bbox 578 768 642 856; x_wconf 75' lang='grc' dir='ltr'>τὴν</span> <span class='ocrx_word' id='word_1_25' title='bbox 668 768 819 855; x_wconf 80' lang='grc' dir='ltr'><strong><em>κεφαλὴν</em></strong></span> <span class='ocrx_word' id='word_1_26' title='bbox 840 769 896 836; x_wconf 83' lang='grc' dir='ltr'>καί</span> <span class='ocrx_word' id='word_1_27' title='bbox 920 767 977 838; x_wconf 78' lang='grc' dir='ltr'>διὰ</span> <span class='ocrx_word' id='word_1_28' title='bbox 1000 768 1115 856; x_wconf 86' lang='grc' dir='ltr'><strong><em>τοῦθ’,</em></strong></span> <span class='ocrx_word' id='word_1_29' title='bbox 1143 769 1255 860; x_wconf 80' lang='grc' dir='ltr'><strong><em>ὥσπερ</em></strong></span> <span class='ocrx_word' id='word_1_30' title='bbox 1283 775 1430 858; x_wconf 79' lang='grc' dir='ltr'><strong><em>ἐκεῖνος</em></strong></span> 
     </span>
     <span class='ocr_line' id='line_1_5' title="bbox 223 873 1429 964; baseline 0.012 -25"><span class='ocrx_word' id='word_1_31' title='bbox 223 873 344 956; x_wconf 83' lang='grc' dir='ltr'><strong><em>ιοῖκός</em></strong></span> <span class='ocrx_word' id='word_1_32' title='bbox 370 876 439 944; x_wconf 88' lang='grc' dir='ltr'><strong><em>έστι</em></strong></span> <span class='ocrx_word' id='word_1_33' title='bbox 466 880 537 944; x_wconf 82' lang='grc' dir='ltr'>τῶν</span> <span class='ocrx_word' id='word_1_34' title='bbox 563 880 672 948; x_wconf 80' lang='grc' dir='ltr'><strong><em>θεῶν.</em></strong></span> <span class='ocrx_word' id='word_1_35' title='bbox 701 875 789 945; x_wconf 82' lang='grc' dir='ltr'><strong><em>οὕτω</em></strong></span> <span class='ocrx_word' id='word_1_36' title='bbox 816 873 879 943; x_wconf 87' lang='grc' dir='ltr'>τὸν</span> <span class='ocrx_word' id='word_1_37' title='bbox 901 879 1088 964; x_wconf 79' lang='grc' dir='ltr'><strong><em>ἐγκέφαλον</em></strong></span> <span class='ocrx_word' id='word_1_38' title='bbox 1115 877 1212 949; x_wconf 77' lang='grc' dir='ltr'><strong><em>οἷκον</em></strong></span> <span class='ocrx_word' id='word_1_39' title='bbox 1234 879 1323 950; x_wconf 83' lang='grc' dir='ltr'><strong><em>εἶναι</em></strong></span> <span class='ocrx_word' id='word_1_40' title='bbox 1354 889 1429 954; x_wconf 85' lang='grc' dir='ltr'>τοῦ</span> 
     </span>
     <span class='ocr_line' id='line_1_6' title="bbox 183 983 1425 1082; baseline 0.009 -33"><span class='ocrx_word' id='word_1_41' title='bbox 183 1004 238 1062; x_wconf 63' lang='lat'>231</span> <span class='ocrx_word' id='word_1_42' title='bbox 250 985 424 1071; x_wconf 83' lang='grc' dir='ltr'><strong><em>λογισμοῦ.</em></strong></span> <span class='ocrx_word' id='word_1_43' title='bbox 468 984 523 1052; x_wconf 80' lang='grc' dir='ltr'>καί</span> <span class='ocrx_word' id='word_1_44' title='bbox 556 984 620 1072; x_wconf 85' lang='grc' dir='ltr'>γὰρ</span> <span class='ocrx_word' id='word_1_45' title='bbox 652 983 692 1052; x_wconf 84' lang='grc' dir='ltr'>τὰ</span> <span class='ocrx_word' id='word_1_46' title='bbox 724 987 862 1052; x_wconf 80' lang='grc' dir='ltr'><strong><em>τοιαῦτα</em></strong></span> <span class='ocrx_word' id='word_1_47' title='bbox 893 983 1003 1052; x_wconf 78' lang='grc' dir='ltr'><strong><em>πάντα</em></strong></span> <span class='ocrx_word' id='word_1_48' title='bbox 1034 993 1154 1074; x_wconf 78' lang='grc' dir='ltr'><strong><em>καίπερ</em></strong></span> <span class='ocrx_word' id='word_1_49' title='bbox 1186 985 1270 1056; x_wconf 79' lang='grc' dir='ltr'><strong><em>ὄντα</em></strong></span> <span class='ocrx_word' id='word_1_50' title='bbox 1298 991 1425 1082; x_wconf 83' lang='grc' dir='ltr'><strong><em>πολὺΙ</em></strong></span> 
     </span>
     <span class='ocr_line' id='line_1_7' title="bbox 250 1089 1428 1182; baseline 0.008 -23"><span class='ocrx_word' id='word_1_51' title='bbox 250 1089 466 1178; x_wconf 74' lang='grc' dir='ltr'><strong><em>πιθανώτερα</em></strong></span> <span class='ocrx_word' id='word_1_52' title='bbox 494 1093 562 1160; x_wconf 77' lang='grc' dir='ltr'>τῶν</span> <span class='ocrx_word' id='word_1_53' title='bbox 585 1093 636 1160; x_wconf 80' lang='grc' dir='ltr'>ἐπὶ</span> <span class='ocrx_word' id='word_1_54' title='bbox 660 1096 719 1180; x_wconf 74' lang='grc' dir='ltr'>τῆς</span> <span class='ocrx_word' id='word_1_55' title='bbox 740 1097 881 1178; x_wconf 83' lang='grc' dir='ltr'><strong><em>καρδίας</em></strong></span> <span class='ocrx_word' id='word_1_56' title='bbox 908 1095 1095 1181; x_wconf 74' lang='grc' dir='ltr'><strong><em>εἰρημένων</em></strong></span> <span class='ocrx_word' id='word_1_57' title='bbox 1117 1093 1209 1182; x_wconf 82' lang='grc' dir='ltr'><strong><em>ὅμως</em></strong></span> <span class='ocrx_word' id='word_1_58' title='bbox 1231 1094 1294 1165; x_wconf 82' lang='grc' dir='ltr'>οὐκ</span> <span class='ocrx_word' id='word_1_59' title='bbox 1318 1103 1428 1168; x_wconf 80' lang='grc' dir='ltr'><strong><em>ἔστιν</em></strong></span> 
     </span>
     <span class='ocr_line' id='line_1_8' title="bbox 251 1193 1423 1290; baseline 0.009 -24"><span class='ocrx_word' id='word_1_60' title='bbox 251 1193 440 1267; x_wconf 63' lang='lat' dir='ltr'>odite-adut</span> <span class='ocrx_word' id='word_1_61' title='bbox 466 1200 566 1268; x_wconf 76' lang='grc' dir='ltr'><strong><em>πιστὰ</em></strong></span> <span class='ocrx_word' id='word_1_62' title='bbox 588 1198 673 1286; x_wconf 77' lang='grc' dir='ltr'><strong><em>πρὸς</em></strong></span> <span class='ocrx_word' id='word_1_63' title='bbox 695 1201 880 1288; x_wconf 70' lang='grc' dir='ltr'><em>ἐπιστήμην</em></span> <span class='ocrx_word' id='word_1_64' title='bbox 902 1197 1038 1288; x_wconf 80' lang='grc' dir='ltr'><strong><em>ἆκριβη,</em></strong></span> <span class='ocrx_word' id='word_1_65' title='bbox 1066 1201 1220 1290; x_wconf 80' lang='grc' dir='ltr'><strong><em>καθάπερ</em></strong></span> <span class='ocrx_word' id='word_1_66' title='bbox 1248 1201 1331 1272; x_wconf 66' lang='grc' dir='ltr'>οὐδὲ</span> <span class='ocrx_word' id='word_1_67' title='bbox 1364 1205 1423 1276; x_wconf 80' lang='grc' dir='ltr'>ὅτι</span> 
     </span>
     <span class='ocr_line' id='line_1_9' title="bbox 249 1302 1425 1398; baseline 0.008 -24"><span class='ocrx_word' id='word_1_68' title='bbox 249 1309 447 1395; x_wconf 77' lang='grc' dir='ltr'><strong><em>τῆςφωνῆς</em></strong></span> <span class='ocrx_word' id='word_1_69' title='bbox 469 1302 490 1394; x_wconf 82' lang='grc' dir='ltr'><em>ἡ</em></span> <span class='ocrx_word' id='word_1_70' title='bbox 513 1311 634 1394; x_wconf 89' lang='grc' dir='ltr'><strong><em>καρδία</em></strong></span> <span class='ocrx_word' id='word_1_71' title='bbox 653 1305 859 1396; x_wconf 87' lang='grc' dir='ltr'><strong><em>δημιουργός</em></strong></span> <span class='ocrx_word' id='word_1_72' title='bbox 881 1309 981 1377; x_wconf 77' lang='grc' dir='ltr'><strong><em>ἐστιν.</em></strong></span> <span class='ocrx_word' id='word_1_73' title='bbox 1017 1313 1049 1377; x_wconf 85' lang='grc' dir='ltr'>εί</span> <span class='ocrx_word' id='word_1_74' title='bbox 1068 1309 1132 1398; x_wconf 76' lang='grc' dir='ltr'>μὲν</span> <span class='ocrx_word' id='word_1_75' title='bbox 1150 1309 1216 1398; x_wconf 81' lang='grc' dir='ltr'>γὰρ</span> <span class='ocrx_word' id='word_1_76' title='bbox 1234 1309 1425 1396; x_wconf 78' lang='grc' dir='ltr'><strong><em>ἀπόδειξίν</em></strong></span> 
     </span>
     <span class='ocr_line' id='line_1_10' title="bbox 250 1411 1422 1506; baseline 0.008 -23"><span class='ocrx_word' id='word_1_77' title='bbox 250 1441 326 1484; x_wconf 87' lang='grc' dir='ltr'><strong><em>τινα</em></strong></span> <span class='ocrx_word' id='word_1_78' title='bbox 350 1413 524 1484; x_wconf 75' lang='grc' dir='ltr'><strong><em>διδάσκειν</em></strong></span> <span class='ocrx_word' id='word_1_79' title='bbox 548 1411 633 1504; x_wconf 78' lang='grc' dir='ltr'><strong><em>ἡμᾶς</em></strong></span> <span class='ocrx_word' id='word_1_80' title='bbox 655 1421 806 1504; x_wconf 81' lang='grc' dir='ltr'><strong><em>ἔχουσιν,</em></strong></span> <span class='ocrx_word' id='word_1_81' title='bbox 831 1412 936 1502; x_wconf 76' lang='grc' dir='ltr'><strong><em>ἡδέως</em></strong></span> <span class='ocrx_word' id='word_1_82' title='bbox 959 1413 1189 1506; x_wconf 78' lang='grc' dir='ltr'><strong><em>ἀκουσόμεθα·</em></strong></span> <span class='ocrx_word' id='word_1_83' title='bbox 1217 1417 1255 1488; x_wconf 90' lang='grc' dir='ltr'>τὸ</span> <span class='ocrx_word' id='word_1_84' title='bbox 1279 1419 1318 1488; x_wconf 70' lang='grc' dir='ltr'>δὲ</span> <span class='ocrx_word' id='word_1_85' title='bbox 1344 1420 1422 1494; x_wconf 70' lang='lat' dir='ltr'>aiud</span> 
     </span>
     <span class='ocr_line' id='line_1_11' title="bbox 211 1520 1423 1620; baseline 0.009 -32"><span class='ocrx_word' id='word_1_86' title='bbox 211 1525 309 1610; x_wconf 79' lang='grc' dir='ltr'><strong><em>ιοτῖης</em></strong></span> <span class='ocrx_word' id='word_1_87' title='bbox 335 1523 462 1602; x_wconf 88' lang='grc' dir='ltr'><strong><em>θέσεως</em></strong></span> <span class='ocrx_word' id='word_1_88' title='bbox 493 1521 601 1610; x_wconf 83' lang='grc' dir='ltr'><strong><em>μόνης</em></strong></span> <span class='ocrx_word' id='word_1_89' title='bbox 632 1520 802 1612; x_wconf 80' lang='grc' dir='ltr'><strong><em>ὁρμᾶσθαι</em></strong></span> <span class='ocrx_word' id='word_1_90' title='bbox 835 1523 1022 1612; x_wconf 84' lang='grc' dir='ltr'><strong><em>μοχθηρόν.</em></strong></span> <span class='ocrx_word' id='word_1_91' title='bbox 1072 1524 1160 1594; x_wconf 79' lang='grc' dir='ltr'><strong><em>οὕτω</em></strong></span> <span class='ocrx_word' id='word_1_92' title='bbox 1193 1527 1272 1616; x_wconf 84' lang='grc' dir='ltr'><strong><em>γάρ,</em></strong></span> <span class='ocrx_word' id='word_1_93' title='bbox 1306 1526 1423 1620; x_wconf 79' lang='grc' dir='ltr'><strong><em>οἶμαι,</em></strong></span> 
     </span>
     <span class='ocr_line' id='line_1_12' title="bbox 250 1629 1421 1724; baseline 0.008 -26"><span class='ocrx_word' id='word_1_94' title='bbox 250 1631 305 1698; x_wconf 76' lang='grc' dir='ltr'>καί</span> <span class='ocrx_word' id='word_1_95' title='bbox 327 1630 389 1700; x_wconf 89' lang='grc' dir='ltr'>τὸν</span> <span class='ocrx_word' id='word_1_96' title='bbox 410 1629 583 1717; x_wconf 78' lang='grc' dir='ltr'><strong><em>πνεύμονα</em></strong></span> <span class='ocrx_word' id='word_1_97' title='bbox 605 1631 660 1698; x_wconf 83' lang='grc' dir='ltr'>καί</span> <span class='ocrx_word' id='word_1_98' title='bbox 683 1630 746 1718; x_wconf 78' lang='grc' dir='ltr'>την</span> <span class='ocrx_word' id='word_1_99' title='bbox 764 1647 921 1722; x_wconf 78' lang='grc' dir='ltr'><strong><em>τραχεῖαν</em></strong></span> <span class='ocrx_word' id='word_1_100' title='bbox 942 1630 1106 1720; x_wconf 76' lang='grc' dir='ltr'><strong><em>ἀρτηρίαν</em></strong></span> <span class='ocrx_word' id='word_1_101' title='bbox 1123 1631 1232 1722; x_wconf 76' lang='grc' dir='ltr'><strong><em>ἀρχὴν</em></strong></span> <span class='ocrx_word' id='word_1_102' title='bbox 1255 1639 1315 1722; x_wconf 78' lang='grc' dir='ltr'>τῆς</span> <span class='ocrx_word' id='word_1_103' title='bbox 1338 1665 1421 1724; x_wconf 78' lang='grc' dir='ltr'>φω-</span> 
     </span>
     <span class='ocr_line' id='line_1_13' title="bbox 251 1735 1422 1828; baseline 0.005 -20"><span class='ocrx_word' id='word_1_104' title='bbox 251 1749 312 1826; x_wconf 76' lang='grc' dir='ltr'>νῆς</span> <span class='ocrx_word' id='word_1_105' title='bbox 339 1739 497 1828; x_wconf 78' lang='grc' dir='ltr'><strong><em>ἐροῦμεν,</em></strong></span> <span class='ocrx_word' id='word_1_106' title='bbox 526 1735 572 1819; x_wconf 66' lang='lat' dir='ltr'>dg</span> <span class='ocrx_word' id='word_1_107' title='bbox 600 1741 764 1825; x_wconf 76' lang='grc' dir='ltr'>ἐγγυτέρω</span> <span class='ocrx_word' id='word_1_108' title='bbox 793 1765 830 1824; x_wconf 88' lang='grc' dir='ltr'>γε</span> <span class='ocrx_word' id='word_1_109' title='bbox 852 1739 956 1807; x_wconf 78' lang='grc' dir='ltr'>ταύτά</span> <span class='ocrx_word' id='word_1_110' title='bbox 987 1743 1055 1809; x_wconf 89' lang='grc' dir='ltr'><strong><em>έστι</em></strong></span> <span class='ocrx_word' id='word_1_111' title='bbox 1082 1744 1141 1827; x_wconf 79' lang='grc' dir='ltr'>της</span> <span class='ocrx_word' id='word_1_112' title='bbox 1169 1747 1312 1828; x_wconf 81' lang='grc' dir='ltr'><strong><em>καρδίας</em></strong></span> <span class='ocrx_word' id='word_1_113' title='bbox 1338 1761 1422 1827; x_wconf 83' lang='grc' dir='ltr'><strong><em>τοῖς</em></strong></span> 
     </span>
     <span class='ocr_line' id='line_1_14' title="bbox 250 1842 1420 1936; baseline 0.004 -20"><span class='ocrx_word' id='word_1_114' title='bbox 250 1861 454 1936; x_wconf 82' lang='grc' dir='ltr'><strong><em>φωνητικοῖς</em></strong></span> <span class='ocrx_word' id='word_1_115' title='bbox 476 1842 643 1934; x_wconf 80' lang='grc' dir='ltr'><strong><em>ὀργάνοις.</em></strong></span> <span class='ocrx_word' id='word_1_116' title='bbox 684 1844 765 1914; x_wconf 86' lang='grc' dir='ltr'><strong><em>αὐτὸ</em></strong></span> <span class='ocrx_word' id='word_1_117' title='bbox 789 1845 853 1933; x_wconf 76' lang='grc' dir='ltr'>μέν</span> <span class='ocrx_word' id='word_1_118' title='bbox 875 1847 941 1936; x_wconf 80' lang='grc' dir='ltr'>γὰρ</span> <span class='ocrx_word' id='word_1_119' title='bbox 963 1845 1000 1916; x_wconf 88' lang='grc' dir='ltr'>τδ</span> <span class='ocrx_word' id='word_1_120' title='bbox 1021 1847 1156 1934; x_wconf 77' lang='grc' dir='ltr'><strong><em>πρῶτόν</em></strong></span> <span class='ocrx_word' id='word_1_121' title='bbox 1177 1875 1213 1918; x_wconf 89' lang='grc' dir='ltr'>τε</span> <span class='ocrx_word' id='word_1_122' title='bbox 1235 1849 1291 1918; x_wconf 78' lang='grc' dir='ltr'>καὶ</span> <span class='ocrx_word' id='word_1_123' title='bbox 1317 1855 1420 1922; x_wconf 85' lang='grc' dir='ltr'><strong><em>ίδιον</em></strong></span> 
     </span>
     <span class='ocr_line' id='line_1_15' title="bbox 250 1951 1420 2047; baseline 0.003 -22"><span class='ocrx_word' id='word_1_124' title='bbox 250 1951 400 2044; x_wconf 82' lang='grc' dir='ltr'><strong><em>’ὄργανον</em></strong></span> <span class='ocrx_word' id='word_1_125' title='bbox 417 1957 609 2041; x_wconf 75' lang='grc' dir='ltr'><strong><em>τῆςφωνῆς</em></strong></span> <span class='ocrx_word' id='word_1_126' title='bbox 626 1951 645 2022; x_wconf 89' lang='grc' dir='ltr'><strong><em>δ</em></strong></span> <span class='ocrx_word' id='word_1_127' title='bbox 664 1953 791 2041; x_wconf 80' lang='grc' dir='ltr'><strong><em>λάρυγξ</em></strong></span> <span class='ocrx_word' id='word_1_128' title='bbox 810 1955 910 2023; x_wconf 84' lang='grc' dir='ltr'><strong><em>ἐστίν.</em></strong></span> <span class='ocrx_word' id='word_1_129' title='bbox 946 1959 978 2022; x_wconf 91' lang='grc' dir='ltr'>εί</span> <span class='ocrx_word' id='word_1_130' title='bbox 995 1958 1081 2042; x_wconf 87' lang='grc' dir='ltr'><strong><em>γοῦν</em></strong></span> <span class='ocrx_word' id='word_1_131' title='bbox 1099 1959 1275 2043; x_wconf 81' lang='grc' dir='ltr'><strong><em>κατωτέρω</em></strong></span> <span class='ocrx_word' id='word_1_132' title='bbox 1294 1960 1420 2047; x_wconf 84' lang='grc' dir='ltr'><strong><em>τέμοις</em></strong></span> 
     </span>
     <span class='ocr_line' id='line_1_16' title="bbox 210 2058 1419 2152; baseline 0.007 -24"><span class='ocrx_word' id='word_1_133' title='bbox 210 2058 357 2132; x_wconf 78' lang='grc' dir='ltr'><strong><em>ιιαέιτοῦ</em></strong></span> <span class='ocrx_word' id='word_1_134' title='bbox 379 2061 442 2150; x_wconf 72' lang='grc' dir='ltr'>τὴν</span> <span class='ocrx_word' id='word_1_135' title='bbox 463 2076 621 2150; x_wconf 78' lang='grc' dir='ltr'><strong><em>τραχεῖαν</em></strong></span> <span class='ocrx_word' id='word_1_136' title='bbox 639 2059 813 2148; x_wconf 73' lang='grc' dir='ltr'><strong><em>ἀρτηρίαν,</em></strong></span> <span class='ocrx_word' id='word_1_137' title='bbox 837 2059 945 2130; x_wconf 85' lang='grc' dir='ltr'><strong><em>οὐκέτι</em></strong></span> <span class='ocrx_word' id='word_1_138' title='bbox 972 2060 1099 2152; x_wconf 78' lang='grc' dir='ltr'><strong><em>ἀκούση</em></strong></span> <span class='ocrx_word' id='word_1_139' title='bbox 1123 2067 1325 2152; x_wconf 82' lang='grc' dir='ltr'><strong><em>φωνοῦντος</em></strong></span> <span class='ocrx_word' id='word_1_140' title='bbox 1348 2073 1419 2136; x_wconf 84' lang='grc' dir='ltr'>τοῦ</span> 
     </span>
     <span class='ocr_line' id='line_1_17' title="bbox 250 2166 1416 2263; baseline 0.004 -23"><span class='ocrx_word' id='word_1_141' title='bbox 250 2167 348 2263; x_wconf 74' lang='grc' dir='ltr'><strong><em>ζῴον,</em></strong></span> <span class='ocrx_word' id='word_1_142' title='bbox 370 2176 478 2239; x_wconf 90' lang='grc' dir='ltr'><strong><em>καίτοι</em></strong></span> <span class='ocrx_word' id='word_1_143' title='bbox 501 2196 538 2256; x_wconf 87' lang='grc' dir='ltr'>γε</span> <span class='ocrx_word' id='word_1_144' title='bbox 561 2166 731 2239; x_wconf 78' lang='grc' dir='ltr'><strong><em>ἀντιπνέον</em></strong></span> <span class='ocrx_word' id='word_1_145' title='bbox 755 2166 1030 2254; x_wconf 63' lang='lat' dir='ltr'>druimcosinti</span> <span class='ocrx_word' id='word_1_146' title='bbox 1053 2173 1109 2239; x_wconf 77' lang='grc' dir='ltr'>καὶ</span> <span class='ocrx_word' id='word_1_147' title='bbox 1132 2175 1199 2240; x_wconf 85' lang='grc' dir='ltr'>νῦν</span> <span class='ocrx_word' id='word_1_148' title='bbox 1220 2170 1316 2244; x_wconf 79' lang='grc' dir='ltr'><strong><em>αὐτό.</em></strong></span> <span class='ocrx_word' id='word_1_149' title='bbox 1353 2177 1416 2245; x_wconf 77' lang='grc' dir='ltr'>καί</span> 
     </span>
    </p>
   </div>
   <div class='ocr_carea' id='block_1_3' title="bbox 248 2344 1414 2708">
    <p class='ocr_par' dir='ltr' id='par_1_3' title="bbox 248 2344 1414 2708">
     <span class='ocr_line' id='line_1_18' title="bbox 287 2344 1414 2430; baseline 0.004 -25"><span class='ocrx_word' id='word_1_150' title='bbox 287 2345 572 2406; x_wconf 67' lang='lat' dir='ltr'>tntummodo</span> <span class='ocrx_word' id='word_1_151' title='bbox 592 2344 659 2404; x_wconf 73' lang='grc' dir='ltr'><strong><em>ουδὲ</em></strong></span> <span class='ocrx_word' id='word_1_152' title='bbox 681 2368 743 2404; x_wconf 84' lang='lat' dir='ltr'>no:</span> <span class='ocrx_word' id='word_1_153' title='bbox 768 2351 802 2404; x_wconf 83' lang='lat' dir='ltr'>et.</span> <span class='ocrx_word' id='word_1_154' title='bbox 822 2349 907 2404; x_wconf 88' lang='lat' dir='ltr'>Proll.</span> <span class='ocrx_word' id='word_1_155' title='bbox 930 2369 964 2430; x_wconf 87' lang='lat' dir='ltr'><strong>p</strong></span> <span class='ocrx_word' id='word_1_156' title='bbox 981 2357 1092 2406; x_wconf 71' lang='lat'>102¹.—</span> <span class='ocrx_word' id='word_1_157' title='bbox 1122 2357 1138 2405; x_wconf 72' lang='lat' dir='ltr'>a!</span> <span class='ocrx_word' id='word_1_158' title='bbox 1165 2371 1205 2414; x_wconf 81' lang='grc' dir='ltr'>τις</span> <span class='ocrx_word' id='word_1_159' title='bbox 1224 2373 1268 2408; x_wconf 88' lang='grc' dir='ltr'>οτι</span> <span class='ocrx_word' id='word_1_160' title='bbox 1293 2347 1414 2422; x_wconf 75' lang='grc' dir='ltr'><strong><em>ὅπερῦ</em></strong></span> 
     </span>
     <span class='ocr_line' id='line_1_19' title="bbox 248 2415 1414 2494; baseline 0.005 -18"><span class='ocrx_word' id='word_1_161' title='bbox 248 2443 290 2486; x_wconf 84' lang='grc' dir='ltr'>τις</span> <span class='ocrx_word' id='word_1_162' title='bbox 308 2415 381 2490; x_wconf 78' lang='grc' dir='ltr'><strong><em>ὅπερ</em></strong></span> <span class='ocrx_word' id='word_1_163' title='bbox 399 2421 520 2477; x_wconf 52' lang='lat' dir='ltr'>Mm-</span> <span class='ocrx_word' id='word_1_164' title='bbox 550 2429 659 2476; x_wconf 68' lang='lat' dir='ltr'>druto</span> <span class='ocrx_word' id='word_1_165' title='bbox 684 2439 764 2476; x_wconf 85' lang='grc' dir='ltr'><strong><em>οικσν</em></strong></span> <span class='ocrx_word' id='word_1_166' title='bbox 783 2423 811 2478; x_wconf 83' lang='lat' dir='ltr'>M</span> <span class='ocrx_word' id='word_1_167' title='bbox 831 2419 910 2476; x_wconf 80' lang='grc' dir='ltr'><strong><em>οἷκον</em></strong></span> <span class='ocrx_word' id='word_1_168' title='bbox 935 2441 1008 2476; x_wconf 67' lang='lat' dir='ltr'>savar</span> <span class='ocrx_word' id='word_1_169' title='bbox 1029 2422 1088 2478; x_wconf 73' lang='lat' dir='ltr'>CA.</span> <span class='ocrx_word' id='word_1_170' title='bbox 1108 2453 1142 2463; x_wconf 95' lang='lat'>-</span> <span class='ocrx_word' id='word_1_171' title='bbox 1171 2426 1254 2477; x_wconf 64' lang='lat' dir='ltr'>:taut</span> <span class='ocrx_word' id='word_1_172' title='bbox 1275 2423 1414 2494; x_wconf 81' lang='grc' dir='ltr'><strong><em>παρόντα</em></strong></span> 
     </span>
     <span class='ocr_line' id='line_1_20' title="bbox 249 2490 1413 2578; baseline 0.003 -28"><span class='ocrx_word' id='word_1_173' title='bbox 249 2490 432 2578; x_wconf 72' lang='lat' dir='ltr'>Cutti&#39;rrao</span> <span class='ocrx_word' id='word_1_174' title='bbox 416 2514 487 2550; x_wconf 85' lang='grc' dir='ltr'><strong><em>οντα</em></strong></span> <span class='ocrx_word' id='word_1_175' title='bbox 507 2493 627 2548; x_wconf 75' lang='lat' dir='ltr'>MA</span> <span class='ocrx_word' id='word_1_176' title='bbox 657 2501 673 2548; x_wconf 76' lang='grc' dir='ltr'><strong><em>ο</em></strong></span> <span class='ocrx_word' id='word_1_177' title='bbox 693 2514 745 2547; x_wconf 72' lang='lat' dir='ltr'>trev</span> <span class='ocrx_word' id='word_1_178' title='bbox 764 2490 950 2557; x_wconf 75' lang='grc' dir='ltr'><strong><em>αισιιιωτεριι</em></strong></span> <span class='ocrx_word' id='word_1_179' title='bbox 969 2493 1049 2549; x_wconf 87' lang='lat' dir='ltr'>codd</span> <span class='ocrx_word' id='word_1_180' title='bbox 1073 2495 1137 2549; x_wconf 84' lang='lat' dir='ltr'>edd.</span> <span class='ocrx_word' id='word_1_181' title='bbox 1163 2493 1215 2566; x_wconf 80' lang='grc' dir='ltr'>μέν</span> <span class='ocrx_word' id='word_1_182' title='bbox 1239 2497 1413 2554; x_wconf 59' lang='lat' dir='ltr'>dwletimus.</span> 
     </span>
     <span class='ocr_line' id='line_1_21' title="bbox 249 2559 1412 2637; baseline 0.003 -16.146"><span class='ocrx_word' id='word_1_183' title='bbox 249 2587 380 2637; x_wconf 82' lang='grc' dir='ltr'><strong><em>-ομως</em></strong></span> <span class='ocrx_word' id='word_1_184' title='bbox 398 2565 429 2620; x_wconf 89' lang='grc' dir='ltr'>δε</span> <span class='ocrx_word' id='word_1_185' title='bbox 451 2561 547 2622; x_wconf 65' lang='lat' dir='ltr'>odae.</span> <span class='ocrx_word' id='word_1_186' title='bbox 568 2593 602 2606; x_wconf 90' lang='lat'><em>—</em></span> <span class='ocrx_word' id='word_1_187' title='bbox 630 2591 637 2619; x_wconf 93' lang='grc' dir='ltr'><strong><em>ι</em></strong></span> <span class='ocrx_word' id='word_1_188' title='bbox 661 2559 702 2618; x_wconf 78' lang='grc' dir='ltr'>ὅτι</span> <span class='ocrx_word' id='word_1_189' title='bbox 725 2585 774 2632; x_wconf 84' lang='grc' dir='ltr'>της</span> <span class='ocrx_word' id='word_1_190' title='bbox 793 2569 912 2632; x_wconf 83' lang='grc' dir='ltr'><strong><em>κιιρδιίις</em></strong></span> <span class='ocrx_word' id='word_1_191' title='bbox 933 2587 947 2634; x_wconf 90' lang='grc' dir='ltr'><strong><em>η</em></strong></span> <span class='ocrx_word' id='word_1_192' title='bbox 969 2563 1149 2634; x_wconf 75' lang='grc' dir='ltr'><strong><em>φωι·ηο,-</em></strong></span> <span class='ocrx_word' id='word_1_193' title='bbox 1173 2562 1412 2625; x_wconf 72' lang='grc' dir='ltr'><strong><em>θιέκουσοὶιιεθα</em></strong></span> 
     </span>
     <span class='ocr_line' id='line_1_22' title="bbox 249 2633 1392 2708; baseline -0.001 -14"><span class='ocrx_word' id='word_1_194' title='bbox 249 2637 333 2694; x_wconf 69' lang='grc' dir='ltr'>(ί.-</span> <span class='ocrx_word' id='word_1_195' title='bbox 355 2644 388 2694; x_wconf 77' lang='lat' dir='ltr'>tt</span> <span class='ocrx_word' id='word_1_196' title='bbox 407 2633 568 2706; x_wconf 75' lang='grc' dir='ltr'><strong><em>κατώτερον</em></strong></span> <span class='ocrx_word' id='word_1_197' title='bbox 588 2637 754 2692; x_wconf 75' lang='lat' dir='ltr'>MAssChK</span> <span class='ocrx_word' id='word_1_198' title='bbox 773 2637 1025 2706; x_wconf 77' lang='grc' dir='ltr'><strong><em>κατωτέρωΟ.-</em></strong></span> <span class='ocrx_word' id='word_1_199' title='bbox 991 2647 1079 2692; x_wconf 78' lang='grc' dir='ltr'>-Ιῡ</span> <span class='ocrx_word' id='word_1_200' title='bbox 1099 2635 1276 2708; x_wconf 75' lang='grc' dir='ltr'><strong><em>τραγοτιίτην</em></strong></span> <span class='ocrx_word' id='word_1_201' title='bbox 1295 2641 1334 2696; x_wconf 89' lang='lat' dir='ltr'>M.</span> <span class='ocrx_word' id='word_1_202' title='bbox 1355 2673 1392 2684; x_wconf 89' lang='lat'><em>-</em></span> 
     </span>
    </p>
   </div>
   <div class='ocr_carea' id='block_1_4' title="bbox 249 2759 463 2767">
    <p class='ocr_par' dir='ltr' id='par_1_4' title="bbox 249 2759 463 2767">
     <span class='ocr_line' id='line_1_23' title="bbox 249 2759 463 2767; baseline -0.005 0"><span class='ocrx_word' id='word_1_203' title='bbox 249 2759 397 2767; x_wconf 79' lang='lat'>———</span> <span class='ocrx_word' id='word_1_204' title='bbox 404 2759 463 2766; x_wconf 66' lang='grc'><em>...-</em></span> 
     </span>
    </p>
   </div>
   <div class='ocr_carea' id='block_1_5' title="bbox 244 2821 1412 4528">
    <p class='ocr_par' dir='ltr' id='par_1_5' title="bbox 244 2821 1412 4528">
     <span class='ocr_line' id='line_1_24' title="bbox 248 2821 1412 2906; baseline 0.003 -20"><span class='ocrx_word' id='word_1_205' title='bbox 248 2827 302 2886; x_wconf 85' lang='lat' dir='ltr'>tus</span> <span class='ocrx_word' id='word_1_206' title='bbox 325 2821 454 2886; x_wconf 85' lang='lat' dir='ltr'>animae</span> <span class='ocrx_word' id='word_1_207' title='bbox 477 2821 513 2886; x_wconf 90' lang='lat' dir='ltr'>in</span> <span class='ocrx_word' id='word_1_208' title='bbox 537 2843 575 2884; x_wconf 85' lang='lat' dir='ltr'>eo</span> <span class='ocrx_word' id='word_1_209' title='bbox 600 2822 643 2884; x_wconf 80' lang='lat' dir='ltr'>sit</span> <span class='ocrx_word' id='word_1_210' title='bbox 666 2843 798 2886; x_wconf 84' lang='lat' dir='ltr'>neeesse</span> <span class='ocrx_word' id='word_1_211' title='bbox 822 2832 887 2902; x_wconf 76' lang='lat' dir='ltr'>est,</span> <span class='ocrx_word' id='word_1_212' title='bbox 911 2843 1028 2906; x_wconf 82' lang='lat' dir='ltr'>neque,</span> <span class='ocrx_word' id='word_1_213' title='bbox 1052 2821 1128 2905; x_wconf 83' lang='lat' dir='ltr'>quia</span> <span class='ocrx_word' id='word_1_214' title='bbox 1153 2843 1267 2886; x_wconf 83' lang='lat' dir='ltr'>sensus</span> <span class='ocrx_word' id='word_1_215' title='bbox 1291 2845 1412 2892; x_wconf 86' lang='lat' dir='ltr'>omues</span> 
     </span>
     <span class='ocr_line' id='line_1_25' title="bbox 248 2928 1410 3016; baseline 0.003 -22"><span class='ocrx_word' id='word_1_216' title='bbox 248 2929 341 3015; x_wconf 83' lang='lat' dir='ltr'>quasi</span> <span class='ocrx_word' id='word_1_217' title='bbox 366 2929 525 2993; x_wconf 71' lang='lat' dir='ltr'>satellites</span> <span class='ocrx_word' id='word_1_218' title='bbox 550 2928 776 2994; x_wconf 79' lang='lat' dir='ltr'>circumiectos</span> <span class='ocrx_word' id='word_1_219' title='bbox 801 2928 917 3012; x_wconf 82' lang='lat' dir='ltr'>habet,</span> <span class='ocrx_word' id='word_1_220' title='bbox 939 2952 1043 3014; x_wconf 85' lang='lat' dir='ltr'>neque</span> <span class='ocrx_word' id='word_1_221' title='bbox 1068 2931 1182 3014; x_wconf 85' lang='lat' dir='ltr'>etiam,</span> <span class='ocrx_word' id='word_1_222' title='bbox 1206 2930 1234 2994; x_wconf 85' lang='lat' dir='ltr'>si</span> <span class='ocrx_word' id='word_1_223' title='bbox 1257 2931 1334 3016; x_wconf 81' lang='lat' dir='ltr'>quis</span> <span class='ocrx_word' id='word_1_224' title='bbox 1358 2933 1410 2998; x_wconf 79' lang='lat' dir='ltr'>ita</span> 
     </span>
     <span class='ocr_line' id='line_1_26' title="bbox 248 3036 1409 3122; baseline 0.003 -22"><span class='ocrx_word' id='word_1_225' title='bbox 248 3037 376 3121; x_wconf 77' lang='lat' dir='ltr'>dixerit,</span> <span class='ocrx_word' id='word_1_226' title='bbox 399 3036 485 3122; x_wconf 84' lang='grc' dir='ltr'><strong><em>ιμιυδ</em></strong></span> <span class='ocrx_word' id='word_1_227' title='bbox 509 3037 543 3102; x_wconf 90' lang='lat' dir='ltr'>in</span> <span class='ocrx_word' id='word_1_228' title='bbox 562 3036 714 3102; x_wconf 72' lang='lat' dir='ltr'>universo</span> <span class='ocrx_word' id='word_1_229' title='bbox 739 3038 781 3100; x_wconf 87' lang='lat' dir='ltr'>sit</span> <span class='ocrx_word' id='word_1_230' title='bbox 800 3037 936 3119; x_wconf 86' lang='lat' dir='ltr'>eaelum,</span> <span class='ocrx_word' id='word_1_231' title='bbox 961 3037 1046 3102; x_wconf 85' lang='lat' dir='ltr'>idern</span> <span class='ocrx_word' id='word_1_232' title='bbox 1065 3038 1101 3101; x_wconf 92' lang='lat' dir='ltr'>in</span> <span class='ocrx_word' id='word_1_233' title='bbox 1119 3036 1308 3102; x_wconf 84' lang='lat' dir='ltr'>homiuibus</span> <span class='ocrx_word' id='word_1_234' title='bbox 1333 3063 1409 3104; x_wconf 79' lang='lat' dir='ltr'>esse</span> 
     </span>
     <span class='ocr_line' id='line_1_27' title="bbox 249 3143 1409 3232; baseline 0.003 -22"><span class='ocrx_word' id='word_1_235' title='bbox 249 3160 347 3230; x_wconf 84' lang='lat' dir='ltr'>caput</span> <span class='ocrx_word' id='word_1_236' title='bbox 370 3167 408 3210; x_wconf 84' lang='lat' dir='ltr'>ac</span> <span class='ocrx_word' id='word_1_237' title='bbox 437 3149 624 3229; x_wconf 83' lang='lat' dir='ltr'>propterea,</span> <span class='ocrx_word' id='word_1_238' title='bbox 652 3145 737 3208; x_wconf 68' lang='lat' dir='ltr'>¹sieut</span> <span class='ocrx_word' id='word_1_239' title='bbox 767 3144 847 3209; x_wconf 92' lang='lat' dir='ltr'>illud</span> <span class='ocrx_word' id='word_1_240' title='bbox 878 3145 1013 3210; x_wconf 84' lang='lat' dir='ltr'>deorum</span> <span class='ocrx_word' id='word_1_241' title='bbox 1044 3143 1246 3210; x_wconf 81' lang='lat' dir='ltr'>domicilium</span> <span class='ocrx_word' id='word_1_242' title='bbox 1270 3147 1329 3232; x_wconf 71' lang='lat' dir='ltr'>sit,</span> <span class='ocrx_word' id='word_1_243' title='bbox 1358 3147 1409 3213; x_wconf 82' lang='lat' dir='ltr'>ita</span> 
     </span>
     <span class='ocr_line' id='line_1_28' title="bbox 248 3252 1408 3342; baseline 0.002 -24"><span class='ocrx_word' id='word_1_244' title='bbox 248 3253 416 3318; x_wconf 85' lang='lat' dir='ltr'>cerebrum</span> <span class='ocrx_word' id='word_1_245' title='bbox 441 3275 512 3317; x_wconf 82' lang='lat' dir='ltr'>esse</span> <span class='ocrx_word' id='word_1_246' title='bbox 540 3252 679 3318; x_wconf 84' lang='lat' dir='ltr'>rationis</span> <span class='ocrx_word' id='word_1_247' title='bbox 703 3252 821 3316; x_wconf 80' lang='lat' dir='ltr'>sedem.</span> <span class='ocrx_word' id='word_1_248' title='bbox 868 3257 957 3328; x_wconf 57' lang='lat' dir='ltr'>(tutte</span> <span class='ocrx_word' id='word_1_249' title='bbox 985 3252 1094 3318; x_wconf 82' lang='lat' dir='ltr'>‹nuniu</span> <span class='ocrx_word' id='word_1_250' title='bbox 1128 3253 1204 3318; x_wconf 84' lang='lat' dir='ltr'>lieet</span> <span class='ocrx_word' id='word_1_251' title='bbox 1231 3255 1287 3340; x_wconf 83' lang='lat' dir='ltr'>iis,</span> <span class='ocrx_word' id='word_1_252' title='bbox 1320 3278 1408 3342; x_wconf 68' lang='grc' dir='ltr'><strong><em>(μιαν</em></strong></span> 
     </span>
     <span class='ocr_line' id='line_1_29' title="bbox 248 3359 1406 3444; baseline 0.005 -20"><span class='ocrx_word' id='word_1_253' title='bbox 248 3359 287 3425; x_wconf 86' lang='lat' dir='ltr'>de</span> <span class='ocrx_word' id='word_1_254' title='bbox 315 3361 410 3426; x_wconf 82' lang='lat' dir='ltr'>eorde</span> <span class='ocrx_word' id='word_1_255' title='bbox 442 3360 531 3426; x_wconf 74' lang='lat' dir='ltr'>dieta</span> <span class='ocrx_word' id='word_1_256' title='bbox 559 3375 649 3444; x_wconf 82' lang='lat' dir='ltr'>suut,</span> <span class='ocrx_word' id='word_1_257' title='bbox 682 3361 785 3426; x_wconf 87' lang='lat' dir='ltr'>multo</span> <span class='ocrx_word' id='word_1_258' title='bbox 819 3361 884 3424; x_wconf 80' lang='lat' dir='ltr'>siut</span> <span class='ocrx_word' id='word_1_259' title='bbox 919 3361 1156 3444; x_wconf 77' lang='lat' dir='ltr'>probabiliora,</span> <span class='ocrx_word' id='word_1_260' title='bbox 1194 3367 1304 3428; x_wconf 79' lang='lat' dir='ltr'>tumen</span> <span class='ocrx_word' id='word_1_261' title='bbox 1338 3388 1406 3430; x_wconf 89' lang='lat' dir='ltr'>nou</span> 
     </span>
     <span class='ocr_line' id='line_1_30' title="bbox 248 3467 1407 3554; baseline 0.003 -20"><span class='ocrx_word' id='word_1_262' title='bbox 248 3469 355 3554; x_wconf 85' lang='lat' dir='ltr'>magis</span> <span class='ocrx_word' id='word_1_263' title='bbox 386 3467 426 3534; x_wconf 84' lang='lat' dir='ltr'>ad</span> <span class='ocrx_word' id='word_1_264' title='bbox 455 3469 610 3533; x_wconf 74' lang='lat' dir='ltr'>scientiae</span> <span class='ocrx_word' id='word_1_265' title='bbox 644 3467 807 3553; x_wconf 72' lang='lat' dir='ltr'>perfectae</span> <span class='ocrx_word' id='word_1_266' title='bbox 840 3467 936 3530; x_wconf 82' lang='lat' dir='ltr'>tidem</span> <span class='ocrx_word' id='word_1_267' title='bbox 969 3469 1152 3532; x_wconf 74' lang='lat' dir='ltr'>tiu-ieudum</span> <span class='ocrx_word' id='word_1_268' title='bbox 1182 3469 1299 3534; x_wconf 87' lang='lat' dir='ltr'>idonea</span> <span class='ocrx_word' id='word_1_269' title='bbox 1328 3482 1407 3538; x_wconf 83' lang='lat' dir='ltr'>sunt</span> 
     </span>
     <span class='ocr_line' id='line_1_31' title="bbox 248 3573 1405 3662; baseline 0.004 -22"><span class='ocrx_word' id='word_1_270' title='bbox 248 3599 345 3662; x_wconf 63' lang='lat' dir='ltr'>(luam</span> <span class='ocrx_word' id='word_1_271' title='bbox 369 3576 455 3662; x_wconf 87' lang='lat' dir='ltr'>quod</span> <span class='ocrx_word' id='word_1_272' title='bbox 480 3576 567 3641; x_wconf 78' lang='lat' dir='ltr'>rot-is</span> <span class='ocrx_word' id='word_1_273' title='bbox 592 3599 648 3641; x_wconf 81' lang='lat' dir='ltr'>eor</span> <span class='ocrx_word' id='word_1_274' title='bbox 671 3577 804 3640; x_wconf 82' lang='lat' dir='ltr'>ett&#39;eetor</span> <span class='ocrx_word' id='word_1_275' title='bbox 827 3575 879 3638; x_wconf 78' lang='lat' dir='ltr'>sit.</span> <span class='ocrx_word' id='word_1_276' title='bbox 926 3573 1011 3639; x_wconf 82' lang='lat' dir='ltr'>Num</span> <span class='ocrx_word' id='word_1_277' title='bbox 1036 3576 1064 3639; x_wconf 77' lang='lat' dir='ltr'>si</span> <span class='ocrx_word' id='word_1_278' title='bbox 1088 3574 1405 3645; x_wconf 77' lang='lat' dir='ltr'>demonstrationem</span> 
     </span>
     <span class='ocr_line' id='line_1_32' title="bbox 247 3683 1405 3774; baseline 0 -24"><span class='ocrx_word' id='word_1_279' title='bbox 247 3685 390 3772; x_wconf 85' lang='lat' dir='ltr'>aliquam</span> <span class='ocrx_word' id='word_1_280' title='bbox 422 3683 483 3750; x_wconf 88' lang='lat' dir='ltr'>hae</span> <span class='ocrx_word' id='word_1_281' title='bbox 512 3683 551 3748; x_wconf 87' lang='lat' dir='ltr'>de</span> <span class='ocrx_word' id='word_1_282' title='bbox 580 3707 614 3748; x_wconf 92' lang='lat' dir='ltr'>re</span> <span class='ocrx_word' id='word_1_283' title='bbox 641 3707 701 3748; x_wconf 85' lang='lat' dir='ltr'>uos</span> <span class='ocrx_word' id='word_1_284' title='bbox 730 3683 843 3748; x_wconf 74' lang='lat' dir='ltr'>dooere</span> <span class='ocrx_word' id='word_1_285' title='bbox 868 3689 1018 3767; x_wconf 73' lang='lat' dir='ltr'>possunt.</span> <span class='ocrx_word' id='word_1_286' title='bbox 1047 3683 1187 3748; x_wconf 83' lang='lat' dir='ltr'>libenter</span> <span class='ocrx_word' id='word_1_287' title='bbox 1218 3685 1405 3774; x_wconf 79' lang='lat' dir='ltr'>undiemns3</span> 
     </span>
     <span class='ocr_line' id='line_1_33' title="bbox 246 3790 1404 3880; baseline 0.003 -23"><span class='ocrx_word' id='word_1_288' title='bbox 246 3816 359 3860; x_wconf 83' lang='lat' dir='ltr'>rernm</span> <span class='ocrx_word' id='word_1_289' title='bbox 388 3817 471 3880; x_wconf 86' lang='lat' dir='ltr'>quae</span> <span class='ocrx_word' id='word_1_290' title='bbox 495 3815 514 3858; x_wconf 84' lang='lat' dir='ltr'>a</span> <span class='ocrx_word' id='word_1_291' title='bbox 538 3793 604 3856; x_wconf 79' lang='lat' dir='ltr'>situ</span> <span class='ocrx_word' id='word_1_292' title='bbox 629 3791 700 3858; x_wconf 87' lang='lat' dir='ltr'>solo</span> <span class='ocrx_word' id='word_1_293' title='bbox 731 3790 940 3878; x_wconf 68' lang='lat' dir='ltr'>progreditur</span> <span class='ocrx_word' id='word_1_294' title='bbox 964 3791 1219 3876; x_wconf 77' lang='lat' dir='ltr'>argumentatio,</span> <span class='ocrx_word' id='word_1_295' title='bbox 1246 3815 1404 3878; x_wconf 78' lang='lat' dir='ltr'>perversa</span> 
     </span>
     <span class='ocr_line' id='line_1_34' title="bbox 246 3899 1405 3988; baseline 0.001 -22"><span class='ocrx_word' id='word_1_296' title='bbox 246 3908 303 3967; x_wconf 84' lang='lat' dir='ltr'>est.</span> <span class='ocrx_word' id='word_1_297' title='bbox 344 3901 470 3968; x_wconf 84' lang='lat' dir='ltr'>Eodem</span> <span class='ocrx_word' id='word_1_298' title='bbox 495 3903 581 3967; x_wconf 90' lang='lat' dir='ltr'>euim</span> <span class='ocrx_word' id='word_1_299' title='bbox 605 3905 716 3986; x_wconf 82' lang='lat' dir='ltr'>paeto,</span> <span class='ocrx_word' id='word_1_300' title='bbox 740 3900 871 3984; x_wconf 82' lang='lat' dir='ltr'>opinor.</span> <span class='ocrx_word' id='word_1_301' title='bbox 895 3903 965 3964; x_wconf 83' lang='lat' dir='ltr'>tum</span> <span class='ocrx_word' id='word_1_302' title='bbox 989 3899 1192 3983; x_wconf 82' lang='lat' dir='ltr'>pulmonem,</span> <span class='ocrx_word' id='word_1_303' title='bbox 1216 3910 1286 3966; x_wconf 86' lang='lat' dir='ltr'>tunt</span> <span class='ocrx_word' id='word_1_304' title='bbox 1310 3923 1405 3988; x_wconf 84' lang='lat' dir='ltr'>aspe-</span> 
     </span>
     <span class='ocr_line' id='line_1_35' title="bbox 245 4007 1403 4094; baseline 0.002 -20"><span class='ocrx_word' id='word_1_305' title='bbox 245 4033 316 4076; x_wconf 89' lang='lat' dir='ltr'>ram</span> <span class='ocrx_word' id='word_1_306' title='bbox 348 4011 503 4076; x_wconf 80' lang='lat' dir='ltr'>arteriam</span> <span class='ocrx_word' id='word_1_307' title='bbox 539 4011 628 4076; x_wconf 82' lang='lat' dir='ltr'>rocis</span> <span class='ocrx_word' id='word_1_308' title='bbox 666 4009 827 4093; x_wconf 77' lang='lat' dir='ltr'>originem</span> <span class='ocrx_word' id='word_1_309' title='bbox 861 4033 931 4071; x_wconf 77' lang='lat' dir='ltr'>esse</span> <span class='ocrx_word' id='word_1_310' title='bbox 968 4007 1126 4090; x_wconf 75' lang='lat' dir='ltr'>dicemus,</span> <span class='ocrx_word' id='word_1_311' title='bbox 1163 4008 1284 4094; x_wconf 84' lang='lat' dir='ltr'>quippe</span> <span class='ocrx_word' id='word_1_312' title='bbox 1317 4035 1403 4094; x_wconf 81' lang='lat' dir='ltr'>qnae</span> 
     </span>
     <span class='ocr_line' id='line_1_36' title="bbox 246 4113 1403 4204; baseline 0.003 -22"><span class='ocrx_word' id='word_1_313' title='bbox 246 4117 411 4183; x_wconf 71' lang='lat' dir='ltr'>vocalibus</span> <span class='ocrx_word' id='word_1_314' title='bbox 436 4117 663 4184; x_wconf 81' lang='lat' dir='ltr'>instrumentis</span> <span class='ocrx_word' id='word_1_315' title='bbox 696 4113 853 4182; x_wconf 77' lang='lat' dir='ltr'>viciniora</span> <span class='ocrx_word' id='word_1_316' title='bbox 879 4115 957 4182; x_wconf 86' lang='lat' dir='ltr'>sint:</span> <span class='ocrx_word' id='word_1_317' title='bbox 985 4137 1062 4180; x_wconf 86' lang='lat' dir='ltr'>num</span> <span class='ocrx_word' id='word_1_318' title='bbox 1091 4115 1232 4200; x_wconf 87' lang='lat' dir='ltr'>primum</span> <span class='ocrx_word' id='word_1_319' title='bbox 1260 4139 1298 4181; x_wconf 87' lang='lat' dir='ltr'>ae</span> <span class='ocrx_word' id='word_1_320' title='bbox 1328 4141 1403 4204; x_wconf 75' lang='grc' dir='ltr'><strong><em>μνο-</em></strong></span> 
     </span>
     <span class='ocr_line' id='line_1_37' title="bbox 245 4223 1402 4312; baseline 0.006 -26"><span class='ocrx_word' id='word_1_321' title='bbox 245 4227 352 4312; x_wconf 82' lang='lat' dir='ltr'>prium</span> <span class='ocrx_word' id='word_1_322' title='bbox 386 4227 474 4294; x_wconf 77' lang='lat' dir='ltr'>roris</span> <span class='ocrx_word' id='word_1_323' title='bbox 509 4227 764 4292; x_wconf 77' lang='lat' dir='ltr'>instrumentum</span> <span class='ocrx_word' id='word_1_324' title='bbox 797 4225 914 4308; x_wconf 68' lang='lat' dir='ltr'>lamus</span> <span class='ocrx_word' id='word_1_325' title='bbox 947 4232 1005 4288; x_wconf 82' lang='lat' dir='ltr'>est.</span> <span class='ocrx_word' id='word_1_326' title='bbox 1057 4223 1178 4300; x_wconf 74' lang='lat' dir='ltr'>Quodsi</span> <span class='ocrx_word' id='word_1_327' title='bbox 1210 4225 1298 4290; x_wconf 82' lang='lat' dir='ltr'>iufra</span> <span class='ocrx_word' id='word_1_328' title='bbox 1326 4249 1402 4294; x_wconf 84' lang='lat' dir='ltr'>eum</span> 
     </span>
     <span class='ocr_line' id='line_1_38' title="bbox 245 4331 1402 4420; baseline 0.003 -22"><span class='ocrx_word' id='word_1_329' title='bbox 245 4357 396 4420; x_wconf 62' lang='lat' dir='ltr'>usturam</span> <span class='ocrx_word' id='word_1_330' title='bbox 425 4335 581 4400; x_wconf 79' lang='lat' dir='ltr'>arteriam</span> <span class='ocrx_word' id='word_1_331' title='bbox 610 4335 777 4402; x_wconf 80' lang='lat' dir='ltr'>ineideris.</span> <span class='ocrx_word' id='word_1_332' title='bbox 805 4355 871 4399; x_wconf 91' lang='lat' dir='ltr'>uon</span> <span class='ocrx_word' id='word_1_333' title='bbox 900 4333 964 4396; x_wconf 89' lang='lat' dir='ltr'>ium</span> <span class='ocrx_word' id='word_1_334' title='bbox 994 4331 1106 4396; x_wconf 75' lang='lat' dir='ltr'>medies</span> <span class='ocrx_word' id='word_1_335' title='bbox 1135 4333 1256 4398; x_wconf 86' lang='lat' dir='ltr'>animal</span> <span class='ocrx_word' id='word_1_336' title='bbox 1285 4355 1402 4402; x_wconf 75' lang='lat' dir='ltr'>rocem</span> 
     </span>
     <span class='ocr_line' id='line_1_39' title="bbox 244 4439 1403 4528; baseline 0.003 -22"><span class='ocrx_word' id='word_1_337' title='bbox 244 4443 411 4528; x_wconf 83' lang='lat' dir='ltr'>emittens,</span> <span class='ocrx_word' id='word_1_338' title='bbox 435 4443 537 4508; x_wconf 84' lang='lat' dir='ltr'>libere</span> <span class='ocrx_word' id='word_1_339' title='bbox 561 4449 673 4508; x_wconf 86' lang='lat' dir='ltr'>tumen</span> <span class='ocrx_word' id='word_1_340' title='bbox 697 4443 802 4508; x_wconf 84' lang='lat' dir='ltr'>adhue</span> <span class='ocrx_word' id='word_1_341' title='bbox 826 4439 1008 4506; x_wconf 77' lang='lat' dir='ltr'>uuirt-litum</span> <span class='ocrx_word' id='word_1_342' title='bbox 1032 4439 1152 4507; x_wconf 82' lang='lat' dir='ltr'>doeens</span> <span class='ocrx_word' id='word_1_343' title='bbox 1176 4439 1310 4507; x_wconf 81' lang='lat' dir='ltr'>ridebis.</span> <span class='ocrx_word' id='word_1_344' title='bbox 1358 4443 1403 4510; x_wconf 84' lang='lat' dir='ltr'>Et</span> 
     </span>
    </p>
   </div>
   <div class='ocr_carea' id='block_1_6' title="bbox 0 0 1528 5036">
    <p class='ocr_par' dir='ltr' id='par_1_6' title="bbox 0 0 1528 5036">
     <span class='ocr_line' id='line_1_40' title="bbox 0 0 1528 5036; baseline 0 5"><span class='ocrx_word' id='word_1_345' title='bbox 0 0 1528 5036; x_wconf 95' lang='lat' dir='ltr'> </span> 
     </span>
    </p>
   </div>
  </div>
 </body>
</html>
