2994 5024
715 275 962 386 *¹228-

255 475 416 562 ύσαύτως
441 493 513 560 ταῖς
539 476 657 561 ἀλλοις
678 477 874 566 σφύζοντος.
920 476 972 548 ὅτι
1002 479 1040 548 δὲ
1069 475 1111 550 ού
1133 481 1202 548 τῶν
1226 475 1423 566 ἐγκεφάλου

255 587 435 678 δννάμεον
462 587 484 676 ἡ
511 593 635 676 καρδία
662 585 724 675 τὴν
751 586 889 674 πρωτην
915 585 1026 675 ἀρχὴν
1052 594 1135 677 ἔχει,
1163 587 1290 676 μάθοις
1312 583 1356 656 ἀν
1382 587 1423 656 ἐκ

254 699 317 767 τοῦ
338 695 486 766 πάντων
499 701 569 766 τῶν
591 699 779 785 εἰρημένων
806 689 940 781 νεύρων
963 694 1036 784 ἤτοι
1059 699 1260 786 τμηθέντων
1288 693 1308 782 ἢ
1336 693 1423 782 βρό-

254 832 328 894 χοις
345 807 608 894 διαληφθέντων
625 805 767 893 ἀφωνον
785 805 895 892 μόνον
914 812 1069 891 γίνεσθαι
1089 804 1127 874 τὸ
1147 809 1244 898 ζῷον,
1266 809 1424 872 είσπνεῑν

227 915 369 1002 optma
392 914 448 983 καὶ
473 915 608 982 ἐκπνεῖν
630 910 811 994 ἀκωλύτως
837 912 920 982 κατὰ
943 910 1135 1002 ἀμφοτέρας
1161 912 1221 994 τὰς
1248 911 1425 1000 διαφορὰς

254 1025 324 1092 τῶν
345 1027 540 1110 ἔμπροσθεν
570 1024 759 1108 εἰρημένων
786 1025 954 1090 είσπνοιῦν
981 1049 1015 1090 τε
1045 1023 1101 1090 καὶ
1130 1023 1297 1100 εἰιπνοῶν,
1327 1019 1423 1090 οὕτω

255 1129 294 1198 δὲ
316 1125 382 1198 κάν
403 1145 474 1211 τοῖς
496 1131 653 1215 τέσσαρσι
677 1129 798 1210 κώλοις
825 1135 872 1198 ἔτι
900 1131 956 1198 καὶ
981 1133 1046 1200 νῦν
1070 1131 1235 1216 ἐνεργεῖν,
1261 1127 1424 1215 καθάπερ

254 1237 311 1306 καὶ
338 1236 506 1327 πρόσθεν,
540 1234 679 1308 ἀκούειν
710 1263 744 1306 τε
777 1238 832 1306 καὶ
865 1238 1001 1324 βλέπειν
1028 1237 1084 1306 καί
1112 1240 1224 1306 πᾶσαν
1252 1244 1424 1323 αίσθησιν

255 1344 494 1416 αἰσθάνεσθαι.
535 1344 623 1432 μόνη
647 1345 723 1432 γάρ,
747 1343 792 1425 ὡς
811 1354 950 1432 εἴρηται,
972 1343 1071 1433 φωνὴ
1097 1347 1331 1432 διαφθείρεται
1354 1348 1424 1414 τοῦ

216 1475 241 1514 ¹⁰
256 1450 343 1543 ζῴον
364 1455 565 1541 τμηθέντων
587 1457 656 1522 τῶν
683 1452 774 1540 παρὰ
796 1469 867 1535 ταῖς
890 1450 1065 1541 ἀρτηρίαις
1088 1452 1229 1540 νεύρων.
1275 1451 1349 1522 ὅσοι
1382 1453 1423 1521 δὲ

254 1561 324 1628 τῶν
347 1564 473 1648 ἰατρῶν
495 1588 530 1629 τε
553 1563 609 1630 καὶ
633 1561 835 1650 φιλοσόφων
857 1562 910 1631 ἐπὶ
934 1577 1007 1642 ταῖς
1029 1563 1221 1648 είρημέναις
1242 1557 1423 1648 ἀρτηρίαις

254 1663 329 1754 ἤτοι
352 1676 551 1756 τμηθείσαις
576 1667 610 1757 ἦ,
633 1667 680 1750 ως
702 1679 846 1758 εἴρηται,
870 1673 1131 1756 διαληφθείσαις
1157 1666 1265 1760 ᾤοντο
1293 1673 1422 1756 καροῦ-

254 1782 338 1843 σθαι
366 1773 404 1844 τὸ
439 1780 540 1868 ζῷον,
574 1775 644 1846 εἶτα
673 1779 709 1846 ἐκ
741 1777 865 1846 τούτου
892 1782 1147 1864 συνελογίζοντο
1181 1773 1245 1864 τὴν
1271 1780 1423 1864 καρδίαν

255 1882 426 1975 ἐγκεφάλῳ
454 1901 613 1974 χορηγεῖν
635 1892 799 1972 αἴσθησίν
827 1911 863 1953 τε
895 1883 949 1952 καί
978 1891 1128 1972 κίνησιν,
1156 1881 1325 1970 έσφάλθαι
1352 1883 1423 1972 μὲν

214 1986 380 2071 ιεαύτοὺς
406 1988 619 2080 ὑποληπτέον
646 1996 683 2062 έν
710 1998 750 2083 τη
777 1993 853 2080 περὶ
880 1993 918 2062 τὸ
947 1991 1159 2080 φαινόμενον
1181 1993 1348 2082 ἐμπειρίᾳ,
1379 1991 1419 2060 τὸ

187 2096 292 2176 ennii
312 2098 345 2180 έξ
363 2095 560 2180 ὑποθέσεως
578 2099 796 2170 ἀκολουθοίη)
822 2102 826 2192 Ι
847 2099 993 2190 ἀκριβῶς
1016 2101 1212 2186 ἑωρακέναι·
1236 2109 1326 2186 εἴπερ
1350 2099 1420 2188 γὰρ

293 2331 306 2377 l
326 2317 380 2379 ούιι
405 2320 437 2380 έκ
457 2327 513 2380 τῶν
532 2326 647 2382 ΙιΜΑΒ
670 2323 724 2382 ούιι
749 2325 790 2382 ἔτι
815 2328 873 2382 τῶν
892 2327 964 2383 CbK
987 2321 1022 2382 ού
1042 2329 1099 2382 τῶν
1122 2345 1182 2383 σοι.
1203 2357 1237 2366 -
1261 2334 1279 2380 λ
1302 2323 1424 2380 elanus

255 2425 288 2434 -
309 2389 415 2451 έκπνεῖ
432 2397 565 2454 llABCh
591 2398 719 2454 είσπνείν
739 2431 773 2440 -
793 2395 911 2455 έκπνεῐν
930 2399 991 2455 LK.
1011 2431 1044 2440 -
1066 2406 1080 2454 7
1104 2395 1241 2460 κωλύσοις
1259 2397 1281 2453 L
1301 2393 1419 2454 κύλειοι

254 2465 285 2520 bl
303 2462 404 2532 κοίλοις
423 2471 455 2524 Α.
476 2501 508 2510 -
529 2471 578 2526 καὶ
597 2467 733 2540 καθάπερ
753 2473 802 2526 καλ
821 2472 851 2526 L.
873 2503 904 2514 -
925 2479 941 2527 9
961 2473 1169 2540 διαφθείρηται
1187 2471 1224 2525 Μ.
1247 2499 1278 2510 -
1306 2477 1339 2525 lt)
1359 2471 1420 2524 niv

258 2539 325 2609 post
342 2539 510 2611 τμηθέντων
529 2559 584 2598 om.
604 2543 641 2598 M.
661 2575 695 2584 -

254 2773 365 2818 earum
393 2775 471 2838 pars
504 2776 606 2840 usquc
635 2753 676 2820 acl
704 2777 760 2822 cor
792 2754 958 2839 continua,
990 2753 1076 2820 siout
1103 2761 1231 2820 ceterae
1263 2753 1419 2836 arteriae,

253 2861 362 2926 micet.
407 2859 542 2928 Cerebri
561 2867 671 2928 autem
694 2863 890 2928 facultatum
913 2863 1055 2947 primam
1074 2863 1237 2948 originem
1259 2861 1294 2927 in
1318 2863 1418 2928 conte

252 2989 319 3034 non
342 2991 412 3034 csse
433 2991 631 3056 cognoscere
654 2993 692 3034 ex
713 2993 751 3035 eo
775 2971 860 3052 licet,
884 2969 981 3054 quod,
1004 2971 1061 3036 ubi
1086 2991 1208 3053 omnes,
1231 2969 1271 3034 de
1294 2969 1416 3054 quibus

253 3075 330 3158 dixi,
352 3077 444 3142 nervi
469 3078 520 3143 vcl
544 3078 683 3162 praecisi
708 3079 758 3142 rel
788 3079 913 3162 laqueis
936 3079 1117 3164 compressi
1145 3081 1255 3158 crunt,
1285 3080 1416 3143 mutum

253 3185 383 3248 tantum
407 3182 529 3250 animal
554 3187 602 3255 fit.
626 3186 681 3250 secl
707 3187 859 3270 spiritum
883 3186 974 3252 ducit
992 3185 1179 3270 enrittitqnc
1202 3184 1304 3250 libere
1325 3189 1417 3250 utro·

253 3311 325 3375 que,
348 3312 413 3376 qno
436 3314 536 3376 supra
555 3293 706 3365 diximus,
731 3293 965 3377 adspirationis
990 3299 1023 3360 et
1048 3291 1280 3379 exspirationis
1304 3293 1416 3374 modo,

253 3402 351 3485 atque
375 3399 476 3466 etiam
500 3401 535 3466 in
562 3405 703 3486 quatuor
727 3399 897 3482 membris,
926 3405 963 3466 ut
987 3405 1098 3475 antea,
1120 3400 1305 3468 functiones
1330 3401 1415 3467 inte

253 3527 331 3592 gras
360 3505 475 3587 habet,
505 3509 596 3574 audit
624 3515 657 3574 et
684 3508 773 3574 ridet
801 3507 971 3594 omnisque
1008 3531 1122 3574 sensus
1155 3507 1322 3593 particeps
1355 3515 1417 3574 est.

254 3612 332 3681 Sola
360 3619 504 3700 tantum,
537 3621 574 3681 ut
608 3616 689 3697 (lixi,
722 3615 874 3682 animalis
903 3639 965 3682 vox
997 3616 1125 3698 interit,
1160 3615 1190 3680 si
1215 3615 1325 3698 nervi,
1358 3617 1416 3702 qui

254 3722 383 3790 arteriis
417 3721 532 3790 adnexi
567 3729 655 3794 sunt.
686 3725 847 3811 praesceti
881 3728 984 3788 crunt.
1036 3725 1081 3788 At
1114 3723 1200 3788 enim
1232 3723 1352 3790 medici
1382 3731 1414 3790 ct

252 3829 453 3918 philosophi,
476 3833 659 3919 quicunque
684 3833 814 3898 arteriis
839 3832 905 3897 illis
930 3831 981 3896 vel
1000 3831 1180 3916 praesectis
1199 3829 1252 3896 vel
1275 3851 1324 3914 eo,
1347 3855 1415 3918 quo

252 3937 334 4022 dixi,
356 3941 454 4006 modo
478 3941 668 4025 interceptis
693 3941 796 4025 sopiri
820 3939 943 4006 animal
967 3937 1188 4023 opinabantur
1216 3943 1315 4024 atque
1337 3941 1414 4007 inde

252 4047 455 4132 colligebant
482 4071 538 4112 cor
567 4071 653 4118 esse.
686 4049 771 4134 quod
805 4071 937 4112 sensum
965 4053 1154 4131 motumque
1192 4045 1325 4113 cerebro
1354 4048 1415 4116 im·

254 4155 400 4239 portitat,
419 4177 544 4220 errasse
565 4157 598 4221 in
618 4156 746 4228 lromm.
765 4179 848 4242 ηιιιιο
867 4155 971 4222 oculis
991 4154 1226 4238 percipiuntur,
1244 4155 1412 4240 experien-

253 4261 301 4328 tia
325 4262 534 4328 existimandi
558 4269 647 4342 sunt,
676 4265 752 4330 licet
781 4263 827 4348 id,
855 4263 982 4348 quode
1009 4262 1237 4348 propositione
1260 4263 1413 4346 effioimr,

252 4368 394 4454 perbene
423 4369 573 4437 viderint.
625 4369 658 4437 Si
695 4373 782 4438 enim
811 4393 845 4435 rc
876 4393 952 4436 vera
983 4371 1106 4436 animal
1135 4371 1229 4436 fieret
1256 4373 1414 4458 sopitum,
