2980 5020
603 203 608 210 ’
768 231 833 297 rsa
878 267 922 277 -

219 387 389 461 ιλσκέονσι
414 392 447 470 ἐς
465 387 598 477 εὐεξίαν
620 389 675 457 καλ
700 387 775 469 λς’
757 418 774 456 o
799 417 829 457 τι
853 385 897 457 dv
920 391 1058 468 ἕκαστος
1081 389 1214 457 ἐθέλοι]
1239 389 1278 458 τό
1309 391 1388 474 περὶ

219 503 277 586 τῆς
305 503 509 586 διαφωνίας,
546 503 646 585 φησί,
682 501 750 565 τῶν
782 503 940 584 τεχνιτῶν
968 498 1097 585 σκέμμα
1124 504 1289 586 μεγίστην
1321 505 1388 586 ἔχει

221 605 369 696 δύναμιν
402 603 444 676 οὐ
475 605 594 693 μόνοις
621 619 691 685 τοῖς
721 609 885 672 νοσοῦσιν
913 610 960 686 ει’5·
987 602 1116 691 ὑγιείας
1142 608 1274 690 κτῆσιν,
1299 604 1389 674 ἆὶὶιζ

218 714 274 782 καλ
298 729 367 796 τοῖς
391 710 608 800 ὑγιαίνουσιν
636 717 683 792 εἰς
712 721 802 798 φνλα
782 713 868 799 amp
906 711 1009 800 αὐτῆς
1037 711 1198 800 δηλονότι
1225 715 1281 780 καλ
1314 732 1389 783 rof:

192 819 384 893 νόσκοῦσιν
415 827 462 902 εἰς
486 817 618 902 εὐεξίαν
641 824 703 888 τοῦ
726 819 880 909 σώματος
915 821 999 908 πρός
1031 848 1064 890 τε
1089 819 1153 908 τὴν
1175 824 1300 907 κτῆσιν
1325 821 1387 890 aiu

153 933 277 1018 :osric
295 931 350 999 καλ
375 929 557 1018 διαμονήν·
588 933 592 1018 ξ
623 926 693 997 εἶτα
716 930 905 1016 προσέθηκε
931 931 996 997 ‘nal
1021 930 1055 1009 ἐς
1078 927 1097 996 ὅ
1120 956 1151 996 τι
1176 925 1219 996 ἂν
1242 931 1387 1010 ἕκαστος

218 1039 355 1108 “ἐθε’λοι’
386 1042 500 1126 δηλῶν
524 1033 566 1106 οὐ
588 1036 698 1124 μόνοιι
722 1041 769 1116 ει’5·
794 1035 963 1125 ιάτρικιὶν,
991 1035 1076 1106 ιἰλλίι
1105 1038 1159 1104 καλ
1191 1037 1251 1118 τὰς
1277 1035 1385 1118 ἄλλος

216 1149 333 1234 τέχνας
370 1143 565 1214 ἐκτετάσθαι
594 1142 631 1212 τὸ
661 1146 788 1232 σκέμμα
816 1145 871 1212 καὶ
900 1145 963 1233 τὴν
998 1145 1098 1214 λύσιν
1125 1143 1240 1214 αὐτοῦ.
1294 1155 1382 1214 θαι·-

217 1254 319 1344 μιίσαι
344 1251 409 1342 γὰρ
434 1257 520 1336 ἔστι,
544 1251 601 1319 διὰ
625 1259 660 1319 τί
679 1253 802 1340 ιε’χνιμι
824 1253 994 1340 μετιόντες
1017 1258 1053 1322 οἱ
1074 1258 1198 1340 ιάτροί,
1226 1251 1309 1322 καθ’
1339 1251 1381 1342 ἦν

177 1383 202 1422 10
216 1363 256 1452 τῇ
289 1368 386 1452 πείρᾳ
421 1365 461 1428 τὰ
490 1358 750 1448 προσφερόμενα
786 1360 988 1448 βοηθήματα
1020 1365 1182 1448 κριθῆναι
1218 1360 1376 1432 comm.

215 1468 361 1558 πότερον
384 1465 558 1556 ὠφέλησεν
585 1463 602 1554 ’l
627 1473 787 1553 ἔβλαψεν,
814 1465 904 1554 ὅμως
926 1468 1170 1549 ἐναντιωτάτας
1192 1466 1378 1556 ἀποφάσεις

217 1579 378 1666 ἐποίησαν
401 1577 473 1665 περὶ
498 1580 566 1645 τῶν
589 1572 814 1662 ὠφελούντων
837 1603 870 1644 τε
899 1579 953 1645 καὶ
981 1575 1210 1663 βλαπτόντων.
1254 1580 1292 1644 ἐν
1313 1579 1377 1664 μὲν

215 1684 280 1774 γὰρ
309 1691 494 1774 φιλοσοφίᾳ
521 1679 560 1770 pi
595 1686 787 1753 πεπαῦσθαι
816 1683 874 1765 τὰς
900 1691 1054 1765 πλείστας
1081 1689 1150 1754 τῶν
1179 1689 1375 1772 draconario

217 1789 321 1862 οὐδὲν
347 1789 563 1880 θαυμαστόν,
600 1787 645 1871 ὥς
681 1785 725 1860 ἂν
761 1791 806 1880 μὴ
846 1795 1047 1880 δυναμένων
1073 1798 1143 1862 τῶν
1171 1793 1373 1882 πραγμάτων

177 1919 203 1960 ¹⁵
218 1901 366 1990 ἐναργῶς
394 1903 554 1987 κριθῆναι
582 1901 622 1988 τῇ
649 1907 747 1990 πείρᾳ
775 1901 830 1968 καὶ
859 1900 917 1968 διὰ
945 1905 1044 1970 τοῦτο
1072 1905 1177 1970 τινῶν
1203 1901 1266 1988 μὲν
1293 1899 1371 1969 ‹izo-

217 2041 245 2050 ..-

254 2125 265 2172 1
287 2113 376 2172 deaei
379 2137 458 2172 ονσιν
473 2115 593 2171 llAB
573 2116 727 2172 ασκὲοισιν
743 2117 824 2206 Gorp
839 2116 968 2172 Chlt'.-
984 2112 1068 2186 ἇξιήν
1082 2117 1163 2172 codd.
1179 2118 1242 2173 edd
1258 2113 1366 2184 ειέξιή

216 2189 327 2245 Oorn-
334 2223 342 2228 -
377 2210 414 2242 αν
434 2207 488 2244 om.
508 2189 587 2244 codd.
609 2189 671 2242 edd
693 2219 724 2227 —
745 2189 808 2254 τιερλ
829 2189 878 2256 τῆς
897 2189 994 2257 λλτὴς
1014 2207 1067 2244 om.
1088 2190 1281 2246 theutt-
1305 2168 1367 2249 sle

215 2262 294 2318 codd
314 2261 376 2316 edd
398 2253 1187 2343 (itempostealaeriprr'ceelt'o·3'rr133ABChK.-
1214 2260 1365 2342 sstapost

214 2329 354 2388 ἀσκοῦσιν
380 2350 433 2386 om.
454 2333 535 2388 codd.
558 2333 679 2387 edd—
703 2328 787 2398 rietur
811 2332 891 2387 codd.
911 2333 974 2386 edd.
999 2327 1114 2398 εόεξιίιν
1134 2332 1272 2388 Corn-
1299 2328 1365 2386 σαι

215 2422 269 2460 om.
294 2405 374 2460 codd.
400 2404 462 2458 edd.
489 2435 521 2444 -
547 2399 617 2459 tad
641 2399 698 2474 pio
721 2399 755 2458 οό
781 2401 870 2474 μόνον
890 2405 986 2460 M.-
1012 2405 1096 2459 διαὶ
1121 2401 1172 2474 τὴν
1156 2405 1221 2460 vsi
1245 2405 1292 2459 ιιιλ
1315 2421 1364 2458 orn

214 2473 360 2562 ABChK;
352 2477 414 2602 ,ppt
434 2475 519 2532 Proll.
539 2494 566 2546 p,
586 2483 682 2531 34.-
704 2473 832 2544 ξλληιροί
849 2476 969 2531 MA-
991 2485 1022 2530 11
1044 2471 1262 2540 ἐναντιωτάτοις
1279 2475 1315 2530 lt
1332 2505 1363 2516 -

216 2555 249 2604 14
268 2543 346 2612 όςιλν
423 2577 459 2589 -

215 2773 329 2855 atque
354 2767 470 2851 adid,
492 2767 592 2854 quod
612 2769 776 2854 quisque
800 2765 996 2833 voluerit?
1031 2763 1126 2833 Hane
1146 2767 1186 2834 de
1210 2769 1360 2834 artificum
1461 2837 1462 2852 ,

214 2877 416 2944 dissensione
447 2875 742 2942 considerationem
772 2876 950 2942 maximam
979 2877 1047 2944 vim
1079 2875 1202 2942 habere
1232 2877 1278 2942 ait
1303 2895 1359 2939 non

214 2984 311 3052 modo
333 2983 566 3072 languentibus
591 2983 631 3048 ad
652 2984 828 3049 sanitatem
847 2985 1112 3070 recuperandam,
1134 3007 1250 3050 verum
1273 2983 1357 3049 etiam

214 3092 302 3160 sanis
331 3092 371 3159 ad
400 3091 538 3157 tutelam
568 3092 637 3156 eius
666 3091 819 3158 videlicet
847 3097 880 3156 et
908 3093 963 3178 iis,
990 3095 1046 3180 qui
1074 3115 1109 3158 se
1139 3097 1300 3174 exercent,
1324 3087 1357 3154 ad

213 3201 336 3268 bonum
365 3199 511 3286 corporis
538 3197 703 3282 habitum,
732 3203 825 3264 utet
853 3202 1025 3286 acquirant
1053 3224 1127 3268 eum
1152 3205 1186 3266 et
1213 3204 1358 3288 perpetuu

214 3313 421 3392 conservent3
444 3306 559 3374 deindo
584 3307 709 3372 addidit
734 3307 842 3392 ‘atque
862 3309 903 3372 ad
928 3309 969 3393 id,
993 3309 1080 3394 quod
1103 3309 1241 3396 quisque
1265 3309 1357 3376 volue-

213 3415 279 3500 rit',
297 3420 334 3481 ut
353 3415 523 3502 significet,
541 3439 608 3482 non
626 3420 754 3480 tantum
775 3417 816 3482 ad
837 3415 1041 3499 medicinam,
1064 3439 1178 3483 verum
1198 3419 1241 3485 ad
1257 3433 1355 3486 ornnes

214 3525 315 3590 etiam
339 3523 421 3589 alias
445 3529 532 3590 artes
555 3523 640 3590 hanc
669 3524 896 3609 quaestionem
919 3529 953 3590 et
982 3524 1180 3592 solutionem
1205 3528 1273 3592 eius
1294 3543 1354 3610 per·

212 3632 326 3698 tinere.
363 3631 479 3698 Mirari
499 3631 586 3699 enim
605 3632 692 3712 licet,
716 3633 771 3716 qui
790 3632 857 3712 fiat,
881 3636 917 3697 ut
937 3631 1064 3716 medici,
1087 3633 1143 3720 qui
1168 3641 1271 3700 artem
1294 3649 1355 3696 eam

212 3745 369 3825 tractent,
401 3741 436 3807 in
465 3764 530 3827 qua
565 3741 697 3808 admota
731 3739 875 3804 remedia
907 3741 1091 3826 profuerint
1120 3765 1163 3808 an
1196 3739 1356 3816 obfuerint,

213 3847 413 3934 experientia
436 3849 543 3934 possit
566 3848 714 3925 iudicari,
739 3848 879 3912 maxime
904 3861 1016 3915 tamen
1039 3857 1259 3936 repugnantes
1282 3847 1356 3914 iuter

212 3979 247 4021 se
271 3955 448 4023 sententias
473 3957 512 4022 do
536 3956 591 4038 iis,
615 3978 697 4042 quae
722 3955 836 4022 iurant
860 3963 893 4020 et
916 3963 1047 4040 nocent,
1076 3955 1355 4042 pronuntiaverint.

212 4062 298 4130 Nam
327 4063 355 4129 si
382 4064 418 4129 in
446 4063 658 4149 philosophia
692 4063 833 4128 noudum
871 4066 1067 4152 profligatae
1101 4071 1177 4130 sunt
1208 4063 1354 4152 plurimae

211 4169 445 4256 dissensiones,
469 4171 551 4236 nihil
576 4173 694 4238 mirum
724 4190 788 4256 est,
818 4175 939 4258 quippe
968 4196 1041 4240 cum
1066 4195 1198 4238 rescae
1222 4171 1297 4254 sint,
1321 4167 1354 4232 de

212 4279 329 4364 quibus
358 4281 500 4346 euidenti
524 4281 746 4365 experimento
775 4281 912 4347 iudicari
941 4287 1095 4366 nequeat,
1119 4287 1217 4366 atque
1244 4279 1353 4346 idcirco
