2952 5022
493 305 557 388 ’-
590 339 668 406 ,τοι
714 373 759 388 -

13 504 317 586 ξυμπλακεῒσαν
330 496 453 566 λευκὸν
468 495 551 566 εἶναι
570 498 702 586 φλέγμα
716 497 848 584 φαμέν.’
881 497 936 564 καὶ
954 496 1036 583 μετὰ
1051 492 1094 566 ού
1109 495 1215 565 πολλὰ

13 609 54 674 ik
94 604 218 674 πάλιν
247 601 354 686 οὕτως
382 601 465 694 ὑπὲρ
494 601 600 674 αὐτοῦ
628 603 763 692 γρύφει·
797 603 849 674 ’τὸ
874 603 912 673 δὲ
939 612 1061 673 λευκον
1084 604 1216 694 φλέγμα

14 715 110 782 διὰ
146 711 186 782 τὸ
210 716 279 782 τῶν
297 712 529 802 πομφολύγων
547 716 678 801 πνεῦμα
697 711 842 801 χαλεπὸν
860 710 1073 802 ύποληφδέν,
1096 713 1159 795 ἔξω
1178 711 1216 781 δὲ

17 825 120 891 τοῦ
157 820 311 909 σιύματος
333 819 506 902 ἀναπνοὰς
534 829 630 910 ἴσχον
653 818 841 910 ἠπιώτερον
863 823 940 908 μέν,
968 826 1215 890 καταποικίλλει

13 931 81 998 ’δὲ
113 927 162 998 τὸ
188 932 283 1018 σῶμα
303 927 424 1009 λεύκας
446 926 577 1016 ἇλφούς
594 956 628 998 τε
653 930 708 998 καὶ
731 929 773 998 τὰ
795 927 927 997 τούτων
950 929 1093 1018 ξυγγενῆ
1117 927 1243 1018 vocal-⁶

13 1043 18 1070 ¹
24 1067 54 1125 μ
65 1065 155 1105 ατα
179 1033 381 1106 ἀποτι’κτον.’
428 1038 466 1105 έν
487 1035 591 1127 ταύτη
615 1037 678 1126 μὲν
704 1042 744 1127 τῇ
772 1036 866 1124 ῥήσει
890 1040 999 1116 καλῶς
1021 1032 1216 1126 ἀπεφήνατο

13 1147 125 1234 περὶ
158 1149 227 1214 τῶν
259 1146 450 1234 γινομένων
478 1141 630 1214 ἀπὸτοῦ
665 1146 853 1234 φλέγματος
879 1145 1016 1212 παθῶν·
1047 1141 1148 1232 ἡνίκα
1179 1143 1217 1212 δὲ

13 1261 169 1340 ἔλεγεν
198 1258 392 1340 ἔμπροσθεν
422 1251 565 1340 ‘codena
594 1257 707 1321 πᾶσαν
737 1253 903 1340 τηκεδόνα
935 1249 1064 1338 ἁπαλῆς
1093 1251 1218 1340 σαρκὸς

14 1365 27 1392 “
35 1359 149 1449 μετὰ
173 1359 363 1448 πνεύματος
391 1363 638 1448 ξυμπλακεῐσαν
666 1360 788 1429 λευκὸν
811 1358 898 1428 εἶναι
921 1360 1053 1448 φλέγμα
1076 1359 1216 1449 φαμέν’,

21 1467 114 1537 οὐκ
150 1467 273 1554 ὀρθῶς.
320 1469 484 1536 δέδεικται
512 1465 576 1555 γὰρ
604 1465 626 1556 ἦ
654 1494 691 1556 γε
718 1471 780 1536 τοῦ
807 1467 998 1555 φλέγματος
1023 1467 1153 1556 γένεσις
1180 1468 1217 1536 έκ
1230 1488 1257 1528 1⁰

21 1578 184 1664 τροφῆς
211 1575 310 1663 φύσει
342 1575 551 1664 φυχροτέρας
582 1575 706 1656 ένδειδς
732 1573 797 1644 ὑπὸ
826 1579 885 1662 τῆς
912 1572 1064 1662 ἐμφύτου
1090 1583 1217 1663 θερμα-

25 1692 129 1765 σίας
150 1689 435 1771 κατεργασθείσης
453 1680 711 1770 ἁποτελουμένη.
748 1685 914 1771 τηκομένη
934 1682 971 1750 δὲ
990 1681 1072 1769 σὰρξ
1096 1679 1218 1771 ὅμοιόν

29 1821 68 1860 τι
106 1805 205 1860 ποιεῖ
224 1789 261 1858 τὸ
286 1790 461 1880 σύντηγμα
484 1794 524 1880 τη
553 1789 637 1881 χρόςι
659 1793 718 1878 τῆς
740 1787 849 1878 ύχρᾶς
872 1791 982 1878 χολῆς,
1006 1789 1058 1858 trel
1080 1787 1119 1859 τὸ
1143 1795 1216 1859 λευ-

33 1899 201 1986 κότερον
229 1898 347 1984 ρέπον,
380 1897 426 1980 ὡς
453 1895 540 1967 εἶναι
572 1898 610 1967 τὸ
644 1897 856 1986 καλούμενον
882 1895 1040 1986 ὕπωχρον
1074 1895 1217 1986 πυρρόν.

32 2015 121 2076 ἔστι
149 2007 185 2075 δὲ
215 2007 270 2074 καὶ
293 2005 482 2096 παχύτερον
510 2003 548 2074 τὸ
573 2005 749 2094 σύντηγμα
776 2016 876 2075 τοῦτο
903 2008 962 2093 τῆς
985 2001 1095 2094 aizoris
1116 2007 1217 2094 χολῆς
1230 2025 1256 2066 1⁵

34 2179 272 2193 -ss

85 2283 101 2331 1
127 2280 341 2362 ουμπλακείοαν
362 2275 403 2340 (it.
424 2293 449 2330 v.
465 2277 493 2336 el
513 2274 593 2331 codd.
608 2275 723 2330 edd-
745 2269 812 2330 9ιό
833 2272 865 2330 δε
885 2269 989 2329 leuato
1007 2295 1033 2330 κ,
1053 2294 1076 2330 τ.
1096 2277 1123 2330 λ.
1142 2273 1215 2332 Tim.

41 2369 76 2420 p.
102 2351 245 2404 ὃῠΑμ-
274 2341 463 2432 6ύποτέκτογ
482 2347 510 2400 M
531 2346 611 2402 Cora.
632 2343 941 2410 α’ποτίκτιιΑΒΟΙιΚ·
964 2345 999 2400 cl'.
1018 2345 1143 2416 Proll.p
1145 2352 1215 2404 ..33

73 2428 125 2474 -S
147 2417 199 2488 τὴν
219 2420 298 2474 codd
320 2419 381 2474 edd
401 2413 508 2487 ταύτην
527 2437 640 2474 nos.-
615 2427 695 2473 -10
717 2413 732 2484 ij
752 2437 779 2473 ce
801 2417 996 2472 ll.lBOh.-
1018 2424 1051 2473 1⁵2
1070 2364 1215 2504 ύπρτελεῖ-

40 2515 97 2546 ται
119 2491 237 2546 F.-l
266 2488 300 2544 ou'
304 2491 473 2557 ρξιιςΡ-
502 2497 533 2545 13
554 2487 585 2544 τὸ
612 2495 678 2545 riute
664 2487 847 2558 οσύντηγμα
871 2507 924 2544 om.
950 2487 1063 2545 FR-
1090 2485 1147 2574 τὴν
1162 2485 1215 2560 μέν

45 2563 181 2635 γρὸανΡ
201 2559 254 2631 cde
273 2560 453 2644 χρύαιδῖ-
454 2563 514 2647 rr)
521 2558 635 2644 ὠχριιγ
624 2563 689 2631 γολη
706 2561 813 2617 F.-P
835 2569 866 2615 ll
883 2558 980 2630 ρέπον,
998 2580 1050 2630 την
1064 2555 1215 2616 diarium·

43 2657 97 2692 σιν
123 2632 287 2704 παχύτερον
310 2635 359 2689 καὶ
382 2655 435 2703 την
458 2627 548 2704 ύσμην
572 2639 784 2702 δνσωδιστερον
807 2631 865 2688 FP.
890 2663 922 2674 -

46 2781 271 2792 ——a—

49 2872 204 2959 spiritu
232 2869 509 2955 complicatum
544 2869 672 2934 albam
700 2869 887 2956 pituitam
916 2890 999 2935 esse
1028 2866 1216 2936 dicimus!

50 2980 127 3047 Neo
152 2980 255 3045 multo
279 2981 355 3061 post
374 2998 487 3041 rursus
511 2977 559 3041 ita
583 2977 756 3042 decadem
780 2977 909 3044 scribit:
947 2975 1065 3044 ‘Alba
1088 2979 1215 3044 autem

51 3089 202 3174 pituita
232 3089 394 3172 propter
422 3083 619 3150 bullarum
649 3085 834 3170 spiritum
862 3086 996 3172 gravis
1024 3090 1061 3150 et
1093 3083 1215 3150 inter·

53 3201 189 3281 cepta,
232 3197 343 3259 ext-ra
383 3215 522 3278 corpus
565 3191 791 3279 respirandi
829 3193 1062 3260 facultatem
1098 3195 1215 3258 nacta'

53 3303 184 3369 lenior
208 3301 377 3386 quidem,
402 3300 464 3365 sed
490 3302 749 3366 commaculat
770 3323 911 3386 eorpus
930 3300 1157 3388 vitiligines
1177 3303 1215 3364 et

55 3410 311 3496 impetigines
346 3405 472 3473 ethis
501 3413 691 3494 cognatos
726 3409 880 3475 morbos
909 3403 1096 3495 gignens?
1141 3405 1214 3474 Hoc

57 3523 130 3587 loco
149 3521 230 3584 bene
249 3517 287 3581 de
308 3517 536 3581 affectionibus
557 3539 573 3582 e
592 3517 712 3602 pituita
734 3517 954 3582 exorientibus
974 3514 1214 3602 pronuntiarit3

58 3651 131 3694 cum
164 3648 241 3690 vero
271 3647 370 3708 supra
399 3622 480 3688 dixit
515 3623 631 3689 ‘hunc
661 3647 809 3691 omnem
840 3625 1032 3710 liquorem
1055 3628 1214 3688 tenerae

59 3735 184 3802 carnis
209 3756 291 3799 cum
313 3732 457 3816 spiritu
478 3733 752 3817 complicatum
773 3733 904 3798 albam
924 3733 1109 3818 pituitam
1129 3752 1213 3798 esse

60 3841 248 3926 dicimus’‚
266 3863 333 3906 non
352 3845 447 3904 recto.
481 3839 750 3906 Demonstratum
772 3843 857 3907 enim
877 3845 927 3906 est
946 3839 1085 3926 pituitae
1105 3842 1214 3903 ortam

62 3973 99 4015 ex
124 3950 277 4014 alimento
296 3953 414 4014 natura
434 3946 605 4032 frigidiore
627 3949 791 4033 exsistere,
815 3949 899 4034 quod
925 3949 966 4014 ab
985 3947 1086 4013 insito
1106 3944 1214 4012 calore

63 4057 245 4141 imperfecte
274 4061 464 4121 concoctum
488 4055 597 4122 suerit,
644 4059 688 4120 ,lt
714 4057 943 4141 colliquefacta
967 4077 1042 4122 caro
1071 4052 1214 4119 similem

65 4165 166 4231 colore
189 4164 274 4230 hauc
294 4164 507 4249 liquatiouom
533 4163 637 4228 reddit
658 4165 800 4248 pallidae
820 4165 891 4248 bili,
915 4165 954 4230 ad
976 4163 1087 4228 album
1106 4161 1213 4248 magis

66 4277 255 4357 uergentem,
279 4271 326 4336 ita
352 4277 387 4336 ut
413 4271 574 4336 esliciatar
596 4272 625 4336 is
651 4271 755 4357 color,
784 4296 880 4358 qoem
906 4269 1128 4359 suppullidum
1151 4268 1213 4334 ful·

65 4401 135 4446 euru
158 4377 334 4463 appellant.
381 4379 443 4445 Est
467 4383 576 4444 autem
604 4377 684 4444 haee
714 4379 850 4464 liquatio
875 4381 927 4446 vel
951 4377 1093 4446 crassior
1116 4399 1213 4465 quam

943 4488 999 4544 45*
