<?xml version="1.0" encoding="UTF-8"?>
<!DOCTYPE html PUBLIC "-//W3C//DTD XHTML 1.0 Transitional//EN"
    "http://www.w3.org/TR/xhtml1/DTD/xhtml1-transitional.dtd">
<html xmlns="http://www.w3.org/1999/xhtml" xml:lang="en" lang="en">
 <head>
  <title>
</title>
<meta http-equiv="Content-Type" content="text/html;charset=utf-8" />
  <meta name='ocr-system' content='tesseract 3.04.00' />
  <meta name='ocr-capabilities' content='ocr_page ocr_carea ocr_par ocr_line ocrx_word'/>
</head>
<body>
  <div class='ocr_page' id='page_1' title='image "./claudiigalenide01mlgoog_0511.png"; bbox 0 0 2992 5034; ppageno 0'>
   <div class='ocr_carea' id='block_1_1' title="bbox 672 292 918 359">
    <p class='ocr_par' dir='ltr' id='par_1_1' title="bbox 672 292 918 359">
     <span class='ocr_line' id='line_1_1' title="bbox 672 292 918 359; baseline 0 -19"><span class='ocrx_word' id='word_1_1' title='bbox 672 292 918 359; x_wconf 71' lang='lat'>..453-</span> 
     </span>
    </p>
   </div>
   <div class='ocr_carea' id='block_1_2' title="bbox 148 452 1364 2164">
    <p class='ocr_par' dir='ltr' id='par_1_2' title="bbox 148 452 1364 2164">
     <span class='ocr_line' id='line_1_2' title="bbox 215 452 1355 543; baseline 0.003 -25"><span class='ocrx_word' id='word_1_2' title='bbox 215 476 253 538; x_wconf 92' lang='grc' dir='ltr'><em>γε</em></span> <span class='ocrx_word' id='word_1_3' title='bbox 281 457 418 520; x_wconf 85' lang='grc' dir='ltr'><em>πλεῖστα</em></span> <span class='ocrx_word' id='word_1_4' title='bbox 451 455 676 538; x_wconf 81' lang='grc' dir='ltr'><em>κατορθῶσαι.</em></span> <span class='ocrx_word' id='word_1_5' title='bbox 735 456 824 520; x_wconf 71' lang='grc' dir='ltr'><em>δοκεῖ</em></span> <span class='ocrx_word' id='word_1_6' title='bbox 859 480 917 540; x_wconf 90' lang='grc' dir='ltr'><em>μοι</em></span> <span class='ocrx_word' id='word_1_7' title='bbox 956 454 1184 524; x_wconf 83' lang='grc' dir='ltr'><em>καταπαύσειν</em></span> <span class='ocrx_word' id='word_1_8' title='bbox 1218 452 1275 543; x_wconf 69' lang='lat' dir='ltr'>ill</span> <span class='ocrx_word' id='word_1_9' title='bbox 1303 481 1355 522; x_wconf 89' lang='grc' dir='ltr'><em>τον</em></span> 
     </span>
     <span class='ocr_line' id='line_1_3' title="bbox 215 559 1356 652; baseline 0.004 -26"><span class='ocrx_word' id='word_1_10' title='bbox 215 559 379 628; x_wconf 73' lang='grc' dir='ltr'><em>ἐνεστῶτα</em></span> <span class='ocrx_word' id='word_1_11' title='bbox 401 559 506 646; x_wconf 83' lang='grc' dir='ltr'><em>λόγον</em></span> <span class='ocrx_word' id='word_1_12' title='bbox 529 561 567 628; x_wconf 86' lang='grc' dir='ltr'><em>ἐν</em></span> <span class='ocrx_word' id='word_1_13' title='bbox 590 563 685 652; x_wconf 78' lang='grc' dir='ltr'><em>τῷδε.</em></span> <span class='ocrx_word' id='word_1_14' title='bbox 725 559 763 626; x_wconf 89' lang='grc' dir='ltr'><em>τίι</em></span> <span class='ocrx_word' id='word_1_15' title='bbox 788 559 852 647; x_wconf 76' lang='grc' dir='ltr'><em>γὰρ</em></span> <span class='ocrx_word' id='word_1_16' title='bbox 876 562 1133 632; x_wconf 75' lang='grc' dir='ltr'><em>ἐπισκέπτεσθαι</em></span> <span class='ocrx_word' id='word_1_17' title='bbox 1157 566 1233 646; x_wconf 80' lang='grc' dir='ltr'><em>νῦν,</em></span> <span class='ocrx_word' id='word_1_18' title='bbox 1254 559 1356 641; x_wconf 84' lang='grc' dir='ltr'><em>ὁποίας</em></span> 
     </span>
     <span class='ocr_line' id='line_1_4' title="bbox 214 665 1356 759; baseline 0.002 -25"><span class='ocrx_word' id='word_1_19' title='bbox 214 667 307 748; x_wconf 87' lang='grc' dir='ltr'><em>τινὸς</em></span> <span class='ocrx_word' id='word_1_20' title='bbox 329 673 436 757; x_wconf 79' lang='grc' dir='ltr'><em>ε’χεται</em></span> <span class='ocrx_word' id='word_1_21' title='bbox 459 668 594 756; x_wconf 83' lang='grc' dir='ltr'><em>γνοίμης</em></span> <span class='ocrx_word' id='word_1_22' title='bbox 616 665 635 734; x_wconf 83' lang='grc' dir='ltr'><strong><em>ὁ</em></strong></span> <span class='ocrx_word' id='word_1_23' title='bbox 656 667 791 754; x_wconf 80' lang='grc' dir='ltr'><em>Ζήνων.</em></span> <span class='ocrx_word' id='word_1_24' title='bbox 815 666 857 738; x_wconf 78' lang='grc' dir='ltr'><em>οὐ</em></span> <span class='ocrx_word' id='word_1_25' title='bbox 880 667 963 738; x_wconf 84' lang='grc' dir='ltr'><em>κατίι</em></span> <span class='ocrx_word' id='word_1_26' title='bbox 985 668 1047 738; x_wconf 88' lang='grc' dir='ltr'><em>τὸν</em></span> <span class='ocrx_word' id='word_1_27' title='bbox 1067 672 1100 752; x_wconf 81' lang='grc' dir='ltr'><em>ἐξ</em></span> <span class='ocrx_word' id='word_1_28' title='bbox 1124 668 1227 759; x_wconf 75' lang='grc' dir='ltr'><em>ἀρχῆς</em></span> <span class='ocrx_word' id='word_1_29' title='bbox 1248 670 1288 739; x_wconf 86' lang='grc' dir='ltr'><em>ίιν</em></span> <span class='ocrx_word' id='word_1_30' title='bbox 1306 696 1356 758; x_wconf 90' lang='grc' dir='ltr'><em>μοι</em></span> 
     </span>
     <span class='ocr_line' id='line_1_5' title="bbox 214 775 1357 868; baseline 0.001 -24"><span class='ocrx_word' id='word_1_31' title='bbox 214 779 420 864; x_wconf 72' lang='grc' dir='ltr'><em>προτεθέντα</em></span> <span class='ocrx_word' id='word_1_32' title='bbox 445 783 572 865; x_wconf 88' lang='grc' dir='ltr'><em>γίνοιτο</em></span> <span class='ocrx_word' id='word_1_33' title='bbox 596 775 734 844; x_wconf 85' lang='grc' dir='ltr'><em>σκοπόν.</em></span> <span class='ocrx_word' id='word_1_34' title='bbox 779 779 877 846; x_wconf 81' lang='grc' dir='ltr'><em>ἕνεκα</em></span> <span class='ocrx_word' id='word_1_35' title='bbox 900 777 964 865; x_wconf 83' lang='grc' dir='ltr'><em>γὰρ</em></span> <span class='ocrx_word' id='word_1_36' title='bbox 988 782 1049 846; x_wconf 83' lang='grc' dir='ltr'><em>τοῦ</em></span> <span class='ocrx_word' id='word_1_37' title='bbox 1076 777 1121 866; x_wconf 77' lang='grc' dir='ltr'><em>μὴ</em></span> <span class='ocrx_word' id='word_1_38' title='bbox 1150 786 1357 868; x_wconf 72' lang='grc' dir='ltr'><em>μακρολογεῖν</em></span> 
     </span>
     <span class='ocr_line' id='line_1_6' title="bbox 187 881 1356 974; baseline 0.001 -21"><span class='ocrx_word' id='word_1_39' title='bbox 187 881 446 974; x_wconf 62' lang='grc' dir='ltr'><em>διίποχωρησειν</em></span> <span class='ocrx_word' id='word_1_40' title='bbox 477 885 541 972; x_wconf 77' lang='grc' dir='ltr'><em>μὲν</em></span> <span class='ocrx_word' id='word_1_41' title='bbox 573 890 661 972; x_wconf 75' lang='grc' dir='ltr'><em>ἔφην</em></span> <span class='ocrx_word' id='word_1_42' title='bbox 691 889 761 952; x_wconf 78' lang='grc' dir='ltr'><em>τῶν</em></span> <span class='ocrx_word' id='word_1_43' title='bbox 788 883 901 954; x_wconf 73' lang='grc' dir='ltr'><em>ἄλλων</em></span> <span class='ocrx_word' id='word_1_44' title='bbox 930 889 1110 972; x_wconf 73' lang='grc' dir='ltr'><em>Στωϊκῶν,</em></span> <span class='ocrx_word' id='word_1_45' title='bbox 1143 889 1304 970; x_wconf 78' lang='grc' dir='ltr'><em>ἐξετάσειν</em></span> <span class='ocrx_word' id='word_1_46' title='bbox 1327 886 1356 954; x_wconf 82' lang='lat' dir='ltr'>li</span> 
     </span>
     <span class='ocr_line' id='line_1_7' title="bbox 214 991 1358 1082; baseline 0 -20"><span class='ocrx_word' id='word_1_47' title='bbox 214 991 304 1080; x_wconf 86' lang='grc' dir='ltr'><em>μόνα</em></span> <span class='ocrx_word' id='word_1_48' title='bbox 325 991 367 1061; x_wconf 79' lang='grc' dir='ltr'><em>τὰ</em></span> <span class='ocrx_word' id='word_1_49' title='bbox 385 1001 595 1078; x_wconf 78' lang='grc' dir='ltr'><em>Χρυσίππου.</em></span> <span class='ocrx_word' id='word_1_50' title='bbox 635 993 688 1061; x_wconf 83' lang='grc' dir='ltr'><em>καί</em></span> <span class='ocrx_word' id='word_1_51' title='bbox 715 991 778 1080; x_wconf 78' lang='grc' dir='ltr'><em>γὰρ</em></span> <span class='ocrx_word' id='word_1_52' title='bbox 798 991 877 1061; x_wconf 76' lang='grc' dir='ltr'><em>σι’·ὸὲ</em></span> <span class='ocrx_word' id='word_1_53' title='bbox 901 1001 937 1062; x_wconf 91' lang='grc' dir='ltr'><em>τί</em></span> <span class='ocrx_word' id='word_1_54' title='bbox 956 1021 1034 1062; x_wconf 88' lang='grc' dir='ltr'><em>ποτε</em></span> <span class='ocrx_word' id='word_1_55' title='bbox 1054 995 1193 1076; x_wconf 82' lang='grc' dir='ltr'><em>ἕκαστος</em></span> <span class='ocrx_word' id='word_1_56' title='bbox 1216 998 1358 1082; x_wconf 81' lang='grc' dir='ltr'><em>ἐγίνωσκε</em></span> 
     </span>
     <span class='ocr_line' id='line_1_8' title="bbox 214 1098 1359 1194; baseline 0.002 -26"><span class='ocrx_word' id='word_1_57' title='bbox 214 1104 283 1168; x_wconf 81' lang='grc' dir='ltr'><em>τῶν</em></span> <span class='ocrx_word' id='word_1_58' title='bbox 306 1100 507 1188; x_wconf 78' lang='grc' dir='ltr'><em>φιλοσόφων</em></span> <span class='ocrx_word' id='word_1_59' title='bbox 529 1099 613 1188; x_wconf 74' lang='grc' dir='ltr'><em>ὑπὲρ</em></span> <span class='ocrx_word' id='word_1_60' title='bbox 637 1105 759 1190; x_wconf 75' lang='grc' dir='ltr'><em>νυχῖης.</em></span> <span class='ocrx_word' id='word_1_61' title='bbox 784 1098 977 1190; x_wconf 71' lang='grc' dir='ltr'><em>ὑπεσχόμην</em></span> <span class='ocrx_word' id='word_1_62' title='bbox 1000 1104 1038 1170; x_wconf 88' lang='grc' dir='ltr'><em>ἐν</em></span> <span class='ocrx_word' id='word_1_63' title='bbox 1060 1107 1139 1192; x_wconf 69' lang='grc' dir='ltr'><em>τῇὸε</em></span> <span class='ocrx_word' id='word_1_64' title='bbox 1162 1133 1203 1194; x_wconf 87' lang='grc' dir='ltr'><em>τη</em></span> <span class='ocrx_word' id='word_1_65' title='bbox 1225 1131 1359 1193; x_wconf 84' lang='grc' dir='ltr'><em>πραγμα-</em></span> 
     </span>
     <span class='ocr_line' id='line_1_9' title="bbox 214 1205 1356 1300; baseline 0 -23"><span class='ocrx_word' id='word_1_66' title='bbox 214 1215 285 1300; x_wconf 79' lang='grc' dir='ltr'><em>τείᾳ</em></span> <span class='ocrx_word' id='word_1_67' title='bbox 308 1213 471 1295; x_wconf 77' lang='grc' dir='ltr'><em>όιελθεῖν,</em></span> <span class='ocrx_word' id='word_1_68' title='bbox 493 1205 579 1278; x_wconf 72' lang='grc' dir='ltr'><em>ἀλλὰ</em></span> <span class='ocrx_word' id='word_1_69' title='bbox 602 1207 692 1290; x_wconf 78' lang='grc' dir='ltr'><em>ὅπως</em></span> <span class='ocrx_word' id='word_1_70' title='bbox 714 1207 877 1296; x_wconf 73' lang='grc' dir='ltr'><em>ἀληθείας</em></span> <span class='ocrx_word' id='word_1_71' title='bbox 899 1216 965 1298; x_wconf 77' lang='grc' dir='ltr'><em>ἔχει</em></span> <span class='ocrx_word' id='word_1_72' title='bbox 988 1210 1029 1280; x_wconf 83' lang='grc' dir='ltr'><em>τὰ</em></span> <span class='ocrx_word' id='word_1_73' title='bbox 1053 1211 1240 1292; x_wconf 79' lang='grc' dir='ltr'><em>Πλάτωνός</em></span> <span class='ocrx_word' id='word_1_74' title='bbox 1261 1239 1293 1280; x_wconf 86' lang='grc' dir='ltr'><em>τε</em></span> <span class='ocrx_word' id='word_1_75' title='bbox 1314 1211 1356 1279; x_wconf 79' lang='grc' dir='ltr'><em>καί</em></span> 
     </span>
     <span class='ocr_line' id='line_1_10' title="bbox 209 1313 1359 1406; baseline 0.001 -21"><span class='ocrx_word' id='word_1_76' title='bbox 209 1313 449 1406; x_wconf 76' lang='grc' dir='ltr'><em>Ἱπποκράτους</em></span> <span class='ocrx_word' id='word_1_77' title='bbox 472 1317 632 1405; x_wconf 85' lang='grc' dir='ltr'><em>ὁόγματα,</em></span> <span class='ocrx_word' id='word_1_78' title='bbox 654 1319 913 1396; x_wconf 69' lang='grc' dir='ltr'><em>οιασκέυασθαι.</em></span> <span class='ocrx_word' id='word_1_79' title='bbox 957 1318 1041 1388; x_wconf 79' lang='grc' dir='ltr'><em>ὥστε</em></span> <span class='ocrx_word' id='word_1_80' title='bbox 1064 1321 1120 1388; x_wconf 79' lang='grc' dir='ltr'><em>καί</em></span> <span class='ocrx_word' id='word_1_81' title='bbox 1144 1319 1185 1388; x_wconf 78' lang='grc' dir='ltr'><em>τὰ</em></span> <span class='ocrx_word' id='word_1_82' title='bbox 1208 1319 1290 1406; x_wconf 85' lang='grc' dir='ltr'><em>πρὸς</em></span> <span class='ocrx_word' id='word_1_83' title='bbox 1310 1317 1359 1388; x_wconf 86' lang='grc' dir='ltr'><em>τὸν</em></span> 
     </span>
     <span class='ocr_line' id='line_1_11' title="bbox 148 1421 1358 1516; baseline -0.002 -19"><span class='ocrx_word' id='word_1_84' title='bbox 148 1440 204 1498; x_wconf 60' lang='lat' dir='ltr'><em>lto*</em></span> <span class='ocrx_word' id='word_1_85' title='bbox 218 1425 415 1512; x_wconf 82' lang='grc' dir='ltr'><em>Χρύσιππον</em></span> <span class='ocrx_word' id='word_1_86' title='bbox 441 1421 664 1514; x_wconf 77' lang='grc' dir='ltr'><em>ἀντειρημένα</em></span> <span class='ocrx_word' id='word_1_87' title='bbox 692 1430 698 1510; x_wconf 84' lang='grc' dir='ltr'>Ι</span> <span class='ocrx_word' id='word_1_88' title='bbox 727 1453 785 1512; x_wconf 91' lang='grc' dir='ltr'><em>μοι</em></span> <span class='ocrx_word' id='word_1_89' title='bbox 808 1425 898 1514; x_wconf 85' lang='grc' dir='ltr'><em>παρὰ</em></span> <span class='ocrx_word' id='word_1_90' title='bbox 925 1426 963 1496; x_wconf 84' lang='grc' dir='ltr'><em>τὸ</em></span> <span class='ocrx_word' id='word_1_91' title='bbox 991 1435 1216 1515; x_wconf 87' lang='grc' dir='ltr'><em>προκείμενον</em></span> <span class='ocrx_word' id='word_1_92' title='bbox 1244 1429 1358 1516; x_wconf 84' lang='grc' dir='ltr'><em>ἐγένετο</em></span> 
     </span>
     <span class='ocr_line' id='line_1_12' title="bbox 175 1529 1359 1629; baseline 0.002 -29"><span class='ocrx_word' id='word_1_93' title='bbox 175 1556 197 1594; x_wconf 86' lang='lat'><em>11</em></span> <span class='ocrx_word' id='word_1_94' title='bbox 213 1533 268 1601; x_wconf 85' lang='grc' dir='ltr'><em>καὶ</em></span> <span class='ocrx_word' id='word_1_95' title='bbox 294 1532 428 1622; x_wconf 78' lang='grc' dir='ltr'><em>Ζήνων,</em></span> <span class='ocrx_word' id='word_1_96' title='bbox 451 1538 482 1602; x_wconf 89' lang='grc' dir='ltr'><em>εί</em></span> <span class='ocrx_word' id='word_1_97' title='bbox 502 1533 566 1622; x_wconf 78' lang='grc' dir='ltr'><em>μὲν</em></span> <span class='ocrx_word' id='word_1_98' title='bbox 589 1532 628 1602; x_wconf 78' lang='grc' dir='ltr'><em>τὰ</em></span> <span class='ocrx_word' id='word_1_99' title='bbox 653 1529 738 1602; x_wconf 77' lang='grc' dir='ltr'><em>αὐτὰ</em></span> <span class='ocrx_word' id='word_1_100' title='bbox 761 1533 919 1620; x_wconf 83' lang='grc' dir='ltr'><em>βούλοιτο</em></span> <span class='ocrx_word' id='word_1_101' title='bbox 942 1543 1144 1629; x_wconf 80' lang='grc' dir='ltr'><em>Χρυσίππῳ,</em></span> <span class='ocrx_word' id='word_1_102' title='bbox 1167 1553 1239 1617; x_wconf 83' lang='grc' dir='ltr'><em>τοῖς</em></span> <span class='ocrx_word' id='word_1_103' title='bbox 1260 1533 1359 1614; x_wconf 77' lang='grc' dir='ltr'><em>αὐτοῖς</em></span> 
     </span>
     <span class='ocr_line' id='line_1_13' title="bbox 214 1639 1359 1732; baseline 0.003 -24"><span class='ocrx_word' id='word_1_104' title='bbox 214 1641 418 1732; x_wconf 75' lang='grc' dir='ltr'><em>ἐγκλήμασιν</em></span> <span class='ocrx_word' id='word_1_105' title='bbox 440 1639 635 1722; x_wconf 77' lang='grc' dir='ltr'><em>ὑπεύθυνος</em></span> <span class='ocrx_word' id='word_1_106' title='bbox 656 1642 910 1729; x_wconf 81' lang='grc' dir='ltr'><em>καθεστηξεται.</em></span> <span class='ocrx_word' id='word_1_107' title='bbox 937 1648 969 1712; x_wconf 89' lang='grc' dir='ltr'><em>εί</em></span> <span class='ocrx_word' id='word_1_108' title='bbox 995 1645 1032 1712; x_wconf 76' lang='grc' dir='ltr'><em>δέ</em></span> <span class='ocrx_word' id='word_1_109' title='bbox 1055 1659 1129 1724; x_wconf 74' lang='grc' dir='ltr'><em>ταῖς</em></span> <span class='ocrx_word' id='word_1_110' title='bbox 1150 1649 1214 1714; x_wconf 86' lang='grc' dir='ltr'><em>τοῦ</em></span> <span class='ocrx_word' id='word_1_111' title='bbox 1237 1645 1359 1714; x_wconf 67' lang='lat' dir='ltr'>[licito-</span> 
     </span>
     <span class='ocr_line' id='line_1_14' title="bbox 214 1747 1360 1844; baseline 0.003 -28"><span class='ocrx_word' id='word_1_112' title='bbox 214 1776 273 1829; x_wconf 87' lang='grc' dir='ltr'><em>νος</em></span> <span class='ocrx_word' id='word_1_113' title='bbox 296 1747 414 1838; x_wconf 78' lang='grc' dir='ltr'><em>ἀρχαῖς</em></span> <span class='ocrx_word' id='word_1_114' title='bbox 432 1751 544 1819; x_wconf 79' lang='grc' dir='ltr'><em>ἕποιτο</em></span> <span class='ocrx_word' id='word_1_115' title='bbox 565 1749 734 1820; x_wconf 78' lang='grc' dir='ltr'><em>Κλεάνθει</em></span> <span class='ocrx_word' id='word_1_116' title='bbox 758 1751 865 1818; x_wconf 83' lang='grc' dir='ltr'><em>τεκαὶ</em></span> <span class='ocrx_word' id='word_1_117' title='bbox 888 1757 1106 1844; x_wconf 78' lang='grc' dir='ltr'><em>Ποσειόωνίμ</em></span> <span class='ocrx_word' id='word_1_118' title='bbox 1126 1759 1360 1841; x_wconf 81' lang='grc' dir='ltr'><em>παραπλησίως,</em></span> 
     </span>
     <span class='ocr_line' id='line_1_15' title="bbox 213 1853 1359 1948; baseline 0 -23"><span class='ocrx_word' id='word_1_119' title='bbox 213 1861 272 1944; x_wconf 83' lang='grc' dir='ltr'><em>τῆς</em></span> <span class='ocrx_word' id='word_1_120' title='bbox 294 1855 454 1947; x_wconf 80' lang='grc' dir='ltr'><em>ἡμετέρας</em></span> <span class='ocrx_word' id='word_1_121' title='bbox 480 1853 525 1926; x_wconf 79' lang='grc' dir='ltr'><em>ἂν</em></span> <span class='ocrx_word' id='word_1_122' title='bbox 547 1856 635 1927; x_wconf 76' lang='grc' dir='ltr'><em>οὕτω</em></span> <span class='ocrx_word' id='word_1_123' title='bbox 663 1860 792 1946; x_wconf 76' lang='grc' dir='ltr'><em>μετέχοι</em></span> <span class='ocrx_word' id='word_1_124' title='bbox 821 1867 1040 1947; x_wconf 66' lang='grc' dir='ltr'><em>φιλοσοφίας,</em></span> <span class='ocrx_word' id='word_1_125' title='bbox 1068 1865 1099 1928; x_wconf 87' lang='grc' dir='ltr'><em>εί</em></span> <span class='ocrx_word' id='word_1_126' title='bbox 1122 1863 1176 1938; x_wconf 74' lang='grc' dir='ltr'><em>δέ,</em></span> <span class='ocrx_word' id='word_1_127' title='bbox 1204 1858 1284 1948; x_wconf 86' lang='grc' dir='ltr'><em>ὅπερ</em></span> <span class='ocrx_word' id='word_1_128' title='bbox 1306 1854 1359 1944; x_wconf 77' lang='grc' dir='ltr'><em>ἐγὼ</em></span> 
     </span>
     <span class='ocr_line' id='line_1_16' title="bbox 187 1961 1362 2056; baseline -0.003 -22"><span class='ocrx_word' id='word_1_129' title='bbox 187 1973 392 2055; x_wconf 71' lang='grc' dir='ltr'><em>νπείθομαι,</em></span> <span class='ocrx_word' id='word_1_130' title='bbox 419 1973 570 2056; x_wconf 88' lang='grc' dir='ltr'><em>κρίσεσιν</em></span> <span class='ocrx_word' id='word_1_131' title='bbox 598 1967 809 2053; x_wconf 84' lang='grc' dir='ltr'><em>ἐπιγίνεσθαι</em></span> <span class='ocrx_word' id='word_1_132' title='bbox 838 1967 878 2035; x_wconf 77' lang='lat' dir='ltr'><em>ric</em></span> <span class='ocrx_word' id='word_1_133' title='bbox 905 1967 1000 2054; x_wconf 78' lang='grc' dir='ltr'><em>πάθη</em></span> <span class='ocrx_word' id='word_1_134' title='bbox 1031 1975 1176 2056; x_wconf 80' lang='grc' dir='ltr'><em>νομίζοι,</em></span> <span class='ocrx_word' id='word_1_135' title='bbox 1203 1968 1300 2055; x_wconf 86' lang='grc' dir='ltr'><em>μέσος</em></span> <span class='ocrx_word' id='word_1_136' title='bbox 1323 1961 1362 2032; x_wconf 76' lang='grc' dir='ltr'><em>ἂν</em></span> 
     </span>
     <span class='ocr_line' id='line_1_17' title="bbox 214 2071 1364 2164; baseline -0.001 -21"><span class='ocrx_word' id='word_1_137' title='bbox 214 2083 265 2162; x_wconf 80' lang='grc' dir='ltr'><em>είη</em></span> <span class='ocrx_word' id='word_1_138' title='bbox 293 2079 352 2163; x_wconf 74' lang='grc' dir='ltr'><em>τῆς</em></span> <span class='ocrx_word' id='word_1_139' title='bbox 379 2101 414 2144; x_wconf 89' lang='grc' dir='ltr'><em>τε</em></span> <span class='ocrx_word' id='word_1_140' title='bbox 444 2081 609 2162; x_wconf 80' lang='grc' dir='ltr'><em>χειρίστης</em></span> <span class='ocrx_word' id='word_1_141' title='bbox 636 2071 720 2162; x_wconf 72' lang='grc' dir='ltr'><em>ὑπὲρ</em></span> <span class='ocrx_word' id='word_1_142' title='bbox 754 2073 868 2144; x_wconf 75' lang='grc' dir='ltr'><em>αὐτῶν</em></span> <span class='ocrx_word' id='word_1_143' title='bbox 898 2077 1057 2162; x_wconf 88' lang='grc' dir='ltr'><em>ιιίρέσεως</em></span> <span class='ocrx_word' id='word_1_144' title='bbox 1088 2081 1146 2164; x_wconf 77' lang='grc' dir='ltr'><em>τῆς</em></span> <span class='ocrx_word' id='word_1_145' title='bbox 1174 2081 1364 2162; x_wconf 79' lang='grc' dir='ltr'><em>Χρυσίππου</em></span> 
     </span>
    </p>
   </div>
   <div class='ocr_carea' id='block_1_3' title="bbox 213 2289 1367 2796">
    <p class='ocr_par' dir='ltr' id='par_1_3' title="bbox 213 2289 1367 2796">
     <span class='ocr_line' id='line_1_18' title="bbox 250 2289 1367 2362; baseline 0 -16"><span class='ocrx_word' id='word_1_146' title='bbox 250 2299 266 2346; x_wconf 76' lang='grc'><em>’3</em></span> <span class='ocrx_word' id='word_1_147' title='bbox 285 2311 319 2362; x_wconf 87' lang='grc' dir='ltr'><em>με</em></span> <span class='ocrx_word' id='word_1_148' title='bbox 339 2309 390 2362; x_wconf 86' lang='lat' dir='ltr'><em>pro</em></span> <span class='ocrx_word' id='word_1_149' title='bbox 410 2293 464 2346; x_wconf 84' lang='grc' dir='ltr'><em>νῦν</em></span> <span class='ocrx_word' id='word_1_150' title='bbox 483 2293 514 2347; x_wconf 91' lang='lat' dir='ltr'><em>L.</em></span> <span class='ocrx_word' id='word_1_151' title='bbox 535 2325 566 2332; x_wconf 95' lang='lat'><em>-</em></span> <span class='ocrx_word' id='word_1_152' title='bbox 596 2299 608 2346; x_wconf 82' lang='lat' dir='ltr'>l</span> <span class='ocrx_word' id='word_1_153' title='bbox 628 2290 792 2360; x_wconf 81' lang='grc' dir='ltr'><em>προσθέντα</em></span> <span class='ocrx_word' id='word_1_154' title='bbox 811 2292 833 2346; x_wconf 87' lang='lat' dir='ltr'>L</span> <span class='ocrx_word' id='word_1_155' title='bbox 853 2289 1050 2358; x_wconf 74' lang='grc' dir='ltr'><em>προστεθέντα</em></span> <span class='ocrx_word' id='word_1_156' title='bbox 1070 2292 1237 2348; x_wconf 75' lang='lat' dir='ltr'><strong>MABChK</strong></span> <span class='ocrx_word' id='word_1_157' title='bbox 1254 2293 1367 2360; x_wconf 74' lang='grc' dir='ltr'><em>προτεθ.</em></span> 
     </span>
     <span class='ocr_line' id='line_1_19' title="bbox 214 2359 1366 2437; baseline -0.002 -18"><span class='ocrx_word' id='word_1_158' title='bbox 214 2381 278 2430; x_wconf 74' lang='grc' dir='ltr'><em>ποις</em></span> <span class='ocrx_word' id='word_1_159' title='bbox 297 2361 332 2419; x_wconf 83' lang='lat' dir='ltr'><em>cf.</em></span> <span class='ocrx_word' id='word_1_160' title='bbox 351 2364 436 2420; x_wconf 87' lang='lat' dir='ltr'>Proll.</span> <span class='ocrx_word' id='word_1_161' title='bbox 457 2383 484 2434; x_wconf 89' lang='lat' dir='ltr'><em>p.</em></span> <span class='ocrx_word' id='word_1_162' title='bbox 506 2371 563 2418; x_wconf 64' lang='lat'><em>126.</em></span> <span class='ocrx_word' id='word_1_163' title='bbox 584 2397 617 2404; x_wconf 98' lang='lat'>—</span> <span class='ocrx_word' id='word_1_164' title='bbox 639 2359 769 2418; x_wconf 68' lang='grc' dir='ltr'><em>ἐνταύθα</em></span> <span class='ocrx_word' id='word_1_165' title='bbox 788 2381 839 2433; x_wconf 89' lang='lat' dir='ltr'><em>pro</em></span> <span class='ocrx_word' id='word_1_166' title='bbox 859 2363 944 2419; x_wconf 79' lang='grc' dir='ltr'><em>ἕνεκα</em></span> <span class='ocrx_word' id='word_1_167' title='bbox 963 2364 993 2420; x_wconf 81' lang='grc' dir='ltr'><em>[ι.</em></span> <span class='ocrx_word' id='word_1_168' title='bbox 1014 2395 1048 2405; x_wconf 93' lang='grc'>-</span> <span class='ocrx_word' id='word_1_169' title='bbox 1067 2373 1126 2427; x_wconf 81' lang='grc' dir='ltr'><em>τοῖς</em></span> <span class='ocrx_word' id='word_1_170' title='bbox 1145 2381 1197 2437; x_wconf 89' lang='lat' dir='ltr'><em>pro</em></span> <span class='ocrx_word' id='word_1_171' title='bbox 1215 2365 1265 2420; x_wconf 79' lang='lat' dir='ltr'>roi·</span> <span class='ocrx_word' id='word_1_172' title='bbox 1282 2363 1316 2418; x_wconf 81' lang='lat' dir='ltr'><em>ll.</em></span> <span class='ocrx_word' id='word_1_173' title='bbox 1329 2393 1366 2403; x_wconf 91' lang='lat'>—</span> 
     </span>
     <span class='ocr_line' id='line_1_20' title="bbox 214 2434 1366 2506; baseline -0.002 -14"><span class='ocrx_word' id='word_1_174' title='bbox 214 2435 304 2506; x_wconf 67' lang='grc' dir='ltr'><em>ὁμέν</em></span> <span class='ocrx_word' id='word_1_175' title='bbox 326 2454 381 2492; x_wconf 90' lang='lat' dir='ltr'>orn.</span> <span class='ocrx_word' id='word_1_176' title='bbox 405 2435 549 2501; x_wconf 52' lang='lat' dir='ltr'>Ancon]</span> <span class='ocrx_word' id='word_1_177' title='bbox 574 2437 609 2490; x_wconf 83' lang='lat' dir='ltr'><em>cf.</em></span> <span class='ocrx_word' id='word_1_178' title='bbox 628 2436 713 2490; x_wconf 85' lang='lat' dir='ltr'>Proll.</span> <span class='ocrx_word' id='word_1_179' title='bbox 738 2455 765 2505; x_wconf 83' lang='lat' dir='ltr'><em>p.</em></span> <span class='ocrx_word' id='word_1_180' title='bbox 784 2444 828 2490; x_wconf 68' lang='lat'><em>34.</em></span> <span class='ocrx_word' id='word_1_181' title='bbox 853 2467 887 2476; x_wconf 86' lang='lat'><em>-</em></span> <span class='ocrx_word' id='word_1_182' title='bbox 916 2434 972 2504; x_wconf 80' lang='grc' dir='ltr'><em>ἐυη</em></span> <span class='ocrx_word' id='word_1_183' title='bbox 996 2436 1027 2490; x_wconf 84' lang='grc' dir='ltr'><em>Ιι.</em></span> <span class='ocrx_word' id='word_1_184' title='bbox 1051 2467 1086 2478; x_wconf 91' lang='lat'><em>-·</em></span> <span class='ocrx_word' id='word_1_185' title='bbox 1112 2436 1250 2492; x_wconf 79' lang='grc' dir='ltr'><em>ίοτωικων</em></span> <span class='ocrx_word' id='word_1_186' title='bbox 1274 2436 1309 2490; x_wconf 82' lang='lat' dir='ltr'>n.</span> <span class='ocrx_word' id='word_1_187' title='bbox 1331 2465 1366 2476; x_wconf 88' lang='lat'>-</span> 
     </span>
     <span class='ocr_line' id='line_1_21' title="bbox 215 2503 1367 2578; baseline -0.001 -15"><span class='ocrx_word' id='word_1_188' title='bbox 215 2503 391 2575; x_wconf 75' lang='grc' dir='ltr'><em>έξετείσεινΙι</em></span> <span class='ocrx_word' id='word_1_189' title='bbox 408 2504 552 2574; x_wconf 75' lang='grc' dir='ltr'><em>ἐξετάζειν</em></span> <span class='ocrx_word' id='word_1_190' title='bbox 561 2507 735 2562; x_wconf 69' lang='grc' dir='ltr'><em>ΜΑΒΟΙιΚ.</em></span> <span class='ocrx_word' id='word_1_191' title='bbox 748 2538 781 2547; x_wconf 96' lang='grc'>-</span> <span class='ocrx_word' id='word_1_192' title='bbox 797 2507 942 2570; x_wconf 81' lang='grc' dir='ltr'><em>ῢέκαστος</em></span> <span class='ocrx_word' id='word_1_193' title='bbox 956 2506 1012 2562; x_wconf 80' lang='grc' dir='ltr'><em>τῶν</em></span> <span class='ocrx_word' id='word_1_194' title='bbox 1022 2505 1190 2578; x_wconf 70' lang='grc' dir='ltr'><em>φιλοσόφων</em></span> <span class='ocrx_word' id='word_1_195' title='bbox 1202 2505 1367 2578; x_wconf 71' lang='grc' dir='ltr'><em>ἐγίγνωσκεν</em></span> 
     </span>
     <span class='ocr_line' id='line_1_22' title="bbox 213 2575 1365 2651; baseline -0.001 -16"><span class='ocrx_word' id='word_1_196' title='bbox 213 2580 245 2635; x_wconf 83' lang='lat' dir='ltr'><em>L.</em></span> <span class='ocrx_word' id='word_1_197' title='bbox 264 2611 300 2621; x_wconf 96' lang='lat'><em>-</em></span> <span class='ocrx_word' id='word_1_198' title='bbox 324 2587 358 2636; x_wconf 88' lang='lat'><em>10</em></span> <span class='ocrx_word' id='word_1_199' title='bbox 381 2577 429 2634; x_wconf 75' lang='grc' dir='ltr'><em>διὰ</em></span> <span class='ocrx_word' id='word_1_200' title='bbox 456 2576 485 2634; x_wconf 87' lang='grc' dir='ltr'><em>τὸ</em></span> <span class='ocrx_word' id='word_1_201' title='bbox 511 2580 591 2635; x_wconf 80' lang='lat' dir='ltr'><em>LAB</em></span> <span class='ocrx_word' id='word_1_202' title='bbox 614 2576 691 2646; x_wconf 75' lang='grc' dir='ltr'><em>παρὰ</em></span> <span class='ocrx_word' id='word_1_203' title='bbox 715 2575 747 2633; x_wconf 82' lang='grc' dir='ltr'><em>τὸ</em></span> <span class='ocrx_word' id='word_1_204' title='bbox 771 2579 887 2636; x_wconf 75' lang='lat' dir='ltr'>llClrli.</span> <span class='ocrx_word' id='word_1_205' title='bbox 913 2611 945 2620; x_wconf 87' lang='lat'><em>-</em></span> <span class='ocrx_word' id='word_1_206' title='bbox 972 2588 1003 2634; x_wconf 85' lang='lat'><em>11</em></span> <span class='ocrx_word' id='word_1_207' title='bbox 1029 2577 1126 2651; x_wconf 80' lang='grc' dir='ltr'><em>βοίλοι</em></span> <span class='ocrx_word' id='word_1_208' title='bbox 1151 2581 1189 2634; x_wconf 76' lang='lat' dir='ltr'>tri»</span> <span class='ocrx_word' id='word_1_209' title='bbox 1214 2581 1309 2644; x_wconf 78' lang='lat' dir='ltr'>llAB;</span> <span class='ocrx_word' id='word_1_210' title='bbox 1331 2581 1365 2635; x_wconf 83' lang='lat' dir='ltr'>ci.</span> 
     </span>
     <span class='ocr_line' id='line_1_23' title="bbox 215 2647 1366 2722; baseline -0.001 -16"><span class='ocrx_word' id='word_1_211' title='bbox 215 2651 299 2706; x_wconf 82' lang='lat' dir='ltr'>l‘roll.</span> <span class='ocrx_word' id='word_1_212' title='bbox 323 2669 349 2722; x_wconf 88' lang='lat' dir='ltr'><em>p.</em></span> <span class='ocrx_word' id='word_1_213' title='bbox 375 2659 417 2708; x_wconf 76' lang='lat'><em>48.</em></span> <span class='ocrx_word' id='word_1_214' title='bbox 443 2683 474 2694; x_wconf 89' lang='lat'>—</span> <span class='ocrx_word' id='word_1_215' title='bbox 499 2661 529 2706; x_wconf 83' lang='lat'>1·.’</span> <span class='ocrx_word' id='word_1_216' title='bbox 549 2648 757 2719; x_wconf 78' lang='grc' dir='ltr'><em>καθεστὴξεται</em></span> <span class='ocrx_word' id='word_1_217' title='bbox 782 2651 839 2705; x_wconf 78' lang='lat' dir='ltr'><em>LM</em></span> <span class='ocrx_word' id='word_1_218' title='bbox 863 2648 1072 2718; x_wconf 63' lang='lat' dir='ltr'>sullectinum</span> <span class='ocrx_word' id='word_1_219' title='bbox 1092 2653 1144 2708; x_wconf 70' lang='lat' dir='ltr'><em>AB</em></span> <span class='ocrx_word' id='word_1_220' title='bbox 1164 2647 1366 2720; x_wconf 72' lang='grc' dir='ltr'><em>καταστήσεται</em></span> 
     </span>
     <span class='ocr_line' id='line_1_24' title="bbox 215 2720 1367 2796; baseline 0.001 -17"><span class='ocrx_word' id='word_1_221' title='bbox 215 2722 300 2792; x_wconf 80' lang='lat' dir='ltr'>ChK3</span> <span class='ocrx_word' id='word_1_222' title='bbox 325 2724 360 2780; x_wconf 82' lang='lat' dir='ltr'><em>cl.</em></span> <span class='ocrx_word' id='word_1_223' title='bbox 379 2723 465 2780; x_wconf 84' lang='lat' dir='ltr'>Proll.</span> <span class='ocrx_word' id='word_1_224' title='bbox 485 2743 512 2796; x_wconf 89' lang='lat' dir='ltr'><em>p.</em></span> <span class='ocrx_word' id='word_1_225' title='bbox 532 2732 575 2780; x_wconf 70' lang='lat' dir='ltr'><em>nl.</em></span> <span class='ocrx_word' id='word_1_226' title='bbox 596 2755 628 2764; x_wconf 95' lang='lat'><em>-</em></span> <span class='ocrx_word' id='word_1_227' title='bbox 650 2730 683 2779; x_wconf 73' lang='lat'><em>14</em></span> <span class='ocrx_word' id='word_1_228' title='bbox 705 2720 842 2794; x_wconf 75' lang='grc' dir='ltr'><em>ὑμετέρας</em></span> <span class='ocrx_word' id='word_1_229' title='bbox 861 2723 890 2779; x_wconf 84' lang='lat' dir='ltr'><em>L.</em></span> <span class='ocrx_word' id='word_1_230' title='bbox 912 2755 944 2765; x_wconf 88' lang='lat'>-</span> <span class='ocrx_word' id='word_1_231' title='bbox 967 2731 999 2780; x_wconf 73' lang='lat'><em>15</em></span> <span class='ocrx_word' id='word_1_232' title='bbox 1018 2729 1125 2796; x_wconf 73' lang='grc' dir='ltr'><em>νομίζει</em></span> <span class='ocrx_word' id='word_1_233' title='bbox 1145 2725 1314 2781; x_wconf 80' lang='lat' dir='ltr'>Mnsschlr&#39;.</span> <span class='ocrx_word' id='word_1_234' title='bbox 1332 2755 1367 2764; x_wconf 95' lang='lat'>-</span> 
     </span>
    </p>
   </div>
   <div class='ocr_carea' id='block_1_4' title="bbox 154 2944 1370 4437">
    <p class='ocr_par' dir='ltr' id='par_1_4' title="bbox 154 2944 1370 4437">
     <span class='ocr_line' id='line_1_25' title="bbox 216 2944 1367 3031; baseline -0.001 -23"><span class='ocrx_word' id='word_1_235' title='bbox 216 2967 366 3030; x_wconf 79' lang='lat' dir='ltr'>unguem,</span> <span class='ocrx_word' id='word_1_236' title='bbox 390 2946 426 3011; x_wconf 80' lang='lat' dir='ltr'><em>at</em></span> <span class='ocrx_word' id='word_1_237' title='bbox 449 2944 566 3010; x_wconf 76' lang='lat' dir='ltr'>sallom</span> <span class='ocrx_word' id='word_1_238' title='bbox 588 2944 624 3010; x_wconf 91' lang='lat' dir='ltr'><em>in</em></span> <span class='ocrx_word' id='word_1_239' title='bbox 648 2945 810 3030; x_wconf 75' lang='lat' dir='ltr'>plerisque</span> <span class='ocrx_word' id='word_1_240' title='bbox 833 2945 1054 3012; x_wconf 72' lang='lat' dir='ltr'>necessarium</span> <span class='ocrx_word' id='word_1_241' title='bbox 1078 2949 1136 3010; x_wconf 84' lang='lat' dir='ltr'>ost.</span> <span class='ocrx_word' id='word_1_242' title='bbox 1178 2945 1286 3031; x_wconf 78' lang='lat' dir='ltr'>Atque</span> <span class='ocrx_word' id='word_1_243' title='bbox 1308 2944 1367 3008; x_wconf 83' lang='lat' dir='ltr'>luu·</span> 
     </span>
     <span class='ocr_line' id='line_1_26' title="bbox 214 3053 1370 3138; baseline 0.002 -22"><span class='ocrx_word' id='word_1_244' title='bbox 214 3053 286 3118; x_wconf 85' lang='lat' dir='ltr'>loco</span> <span class='ocrx_word' id='word_1_245' title='bbox 305 3075 460 3138; x_wconf 83' lang='lat' dir='ltr'>praesens</span> <span class='ocrx_word' id='word_1_246' title='bbox 480 3053 659 3137; x_wconf 82' lang='lat' dir='ltr'>disputatio</span> <span class='ocrx_word' id='word_1_247' title='bbox 679 3055 745 3118; x_wconf 85' lang='lat' dir='ltr'>iarn</span> <span class='ocrx_word' id='word_1_248' title='bbox 765 3058 862 3119; x_wconf 71' lang='lat' dir='ltr'>tinem</span> <span class='ocrx_word' id='word_1_249' title='bbox 882 3054 1013 3119; x_wconf 84' lang='lat' dir='ltr'>lrabeat.</span> <span class='ocrx_word' id='word_1_250' title='bbox 1049 3053 1137 3118; x_wconf 78' lang='lat' dir='ltr'><em>Nam</em></span> <span class='ocrx_word' id='word_1_251' title='bbox 1157 3053 1370 3134; x_wconf 82' lang='lat' dir='ltr'>considerare,</span> 
     </span>
     <span class='ocr_line' id='line_1_27' title="bbox 215 3161 1368 3246; baseline 0.001 -22"><span class='ocrx_word' id='word_1_252' title='bbox 215 3161 297 3246; x_wconf 67' lang='lat' dir='ltr'>quas</span> <span class='ocrx_word' id='word_1_253' title='bbox 325 3161 370 3225; x_wconf 86' lang='lat' dir='ltr'>sit</span> <span class='ocrx_word' id='word_1_254' title='bbox 397 3161 538 3228; x_wconf 80' lang='lat' dir='ltr'>Zenonis</span> <span class='ocrx_word' id='word_1_255' title='bbox 569 3161 631 3226; x_wconf 83' lang='lat' dir='ltr'><em>hac</em></span> <span class='ocrx_word' id='word_1_256' title='bbox 663 3161 702 3226; x_wconf 81' lang='lat' dir='ltr'><em>de</em></span> <span class='ocrx_word' id='word_1_257' title='bbox 732 3183 764 3224; x_wconf 78' lang='lat' dir='ltr'><em>re</em></span> <span class='ocrx_word' id='word_1_258' title='bbox 794 3163 969 3246; x_wconf 73' lang='lat' dir='ltr'>sententia,</span> <span class='ocrx_word' id='word_1_259' title='bbox 1000 3162 1042 3227; x_wconf 83' lang='lat' dir='ltr'><em>ab</em></span> <span class='ocrx_word' id='word_1_260' title='bbox 1070 3161 1226 3228; x_wconf 88' lang='lat' dir='ltr'>instituto</span> <span class='ocrx_word' id='word_1_261' title='bbox 1258 3166 1368 3228; x_wconf 82' lang='lat' dir='ltr'>nostro</span> 
     </span>
     <span class='ocr_line' id='line_1_28' title="bbox 215 3268 1369 3356; baseline -0.001 -22"><span class='ocrx_word' id='word_1_262' title='bbox 215 3268 358 3334; x_wconf 78' lang='lat' dir='ltr'>alienum</span> <span class='ocrx_word' id='word_1_263' title='bbox 381 3269 518 3350; x_wconf 80' lang='lat' dir='ltr'>videtur,</span> <span class='ocrx_word' id='word_1_264' title='bbox 542 3269 707 3354; x_wconf 81' lang='lat' dir='ltr'>quoniam,</span> <span class='ocrx_word' id='word_1_265' title='bbox 729 3292 769 3334; x_wconf 83' lang='lat' dir='ltr'>no</span> <span class='ocrx_word' id='word_1_266' title='bbox 794 3268 891 3334; x_wconf 87' lang='lat' dir='ltr'>nimis</span> <span class='ocrx_word' id='word_1_267' title='bbox 915 3270 1016 3356; x_wconf 80' lang='lat' dir='ltr'>longa</span> <span class='ocrx_word' id='word_1_268' title='bbox 1039 3274 1126 3334; x_wconf 78' lang='lat' dir='ltr'>esset</span> <span class='ocrx_word' id='word_1_269' title='bbox 1148 3270 1266 3354; x_wconf 76' lang='lat' dir='ltr'>oratio,</span> <span class='ocrx_word' id='word_1_270' title='bbox 1288 3275 1369 3336; x_wconf 79' lang='lat' dir='ltr'>cete·</span> 
     </span>
     <span class='ocr_line' id='line_1_29' title="bbox 154 3375 1369 3463; baseline -0.002 -21"><span class='ocrx_word' id='word_1_271' title='bbox 154 3409 157 3414; x_wconf 94' lang='lat'>·</span> <span class='ocrx_word' id='word_1_272' title='bbox 215 3377 260 3442; x_wconf 88' lang='lat' dir='ltr'>ris</span> <span class='ocrx_word' id='word_1_273' title='bbox 285 3375 404 3444; x_wconf 78' lang='lat' dir='ltr'>Stoicis</span> <span class='ocrx_word' id='word_1_274' title='bbox 428 3378 538 3442; x_wconf 76' lang='lat' dir='ltr'>missis</span> <span class='ocrx_word' id='word_1_275' title='bbox 563 3401 601 3442; x_wconf 74' lang='lat' dir='ltr'><em>ou</em></span> <span class='ocrx_word' id='word_1_276' title='bbox 626 3381 764 3462; x_wconf 81' lang='lat' dir='ltr'>toruum,</span> <span class='ocrx_word' id='word_1_277' title='bbox 788 3400 869 3463; x_wconf 81' lang='lat' dir='ltr'>qnae</span> <span class='ocrx_word' id='word_1_278' title='bbox 895 3401 912 3443; x_wconf 83' lang='lat' dir='ltr'>a</span> <span class='ocrx_word' id='word_1_279' title='bbox 933 3376 1118 3463; x_wconf 71' lang='lat' dir='ltr'>Chrysippo</span> <span class='ocrx_word' id='word_1_280' title='bbox 1142 3378 1230 3444; x_wconf 84' lang='lat' dir='ltr'>dictu</span> <span class='ocrx_word' id='word_1_281' title='bbox 1254 3379 1369 3459; x_wconf 70' lang='lat' dir='ltr'>essen,</span> 
     </span>
     <span class='ocr_line' id='line_1_30' title="bbox 214 3485 1368 3573; baseline -0.003 -21"><span class='ocrx_word' id='word_1_282' title='bbox 214 3509 275 3552; x_wconf 87' lang='lat' dir='ltr'>nos</span> <span class='ocrx_word' id='word_1_283' title='bbox 308 3486 551 3553; x_wconf 75' lang='lat' dir='ltr'>examinaturos</span> <span class='ocrx_word' id='word_1_284' title='bbox 584 3511 654 3550; x_wconf 78' lang='lat' dir='ltr'>essu</span> <span class='ocrx_word' id='word_1_285' title='bbox 688 3487 838 3551; x_wconf 77' lang='lat' dir='ltr'><strong>diximus.</strong></span> <span class='ocrx_word' id='word_1_286' title='bbox 894 3485 931 3552; x_wconf 82' lang='lat' dir='ltr'><em>ld</em></span> <span class='ocrx_word' id='word_1_287' title='bbox 959 3487 1046 3552; x_wconf 76' lang='lat' dir='ltr'>onim</span> <span class='ocrx_word' id='word_1_288' title='bbox 1083 3485 1144 3552; x_wconf 85' lang='lat' dir='ltr'><em>hoo</em></span> <span class='ocrx_word' id='word_1_289' title='bbox 1180 3509 1279 3573; x_wconf 74' lang='lat' dir='ltr'>opere</span> <span class='ocrx_word' id='word_1_290' title='bbox 1311 3509 1368 3552; x_wconf 83' lang='lat' dir='ltr'>nos</span> 
     </span>
     <span class='ocr_line' id='line_1_31' title="bbox 215 3593 1369 3680; baseline -0.004 -21"><span class='ocrx_word' id='word_1_291' title='bbox 215 3595 440 3680; x_wconf 73' lang='lat' dir='ltr'>exploraturus</span> <span class='ocrx_word' id='word_1_292' title='bbox 469 3593 610 3678; x_wconf 83' lang='lat' dir='ltr'>polliciti</span> <span class='ocrx_word' id='word_1_293' title='bbox 638 3616 763 3678; x_wconf 80' lang='lat' dir='ltr'>sumus,</span> <span class='ocrx_word' id='word_1_294' title='bbox 790 3617 858 3660; x_wconf 91' lang='lat' dir='ltr'><em>non</em></span> <span class='ocrx_word' id='word_1_295' title='bbox 884 3593 961 3680; x_wconf 89' lang='lat' dir='ltr'>quid</span> <span class='ocrx_word' id='word_1_296' title='bbox 989 3593 1126 3680; x_wconf 85' lang='lat' dir='ltr'>quisque</span> <span class='ocrx_word' id='word_1_297' title='bbox 1154 3593 1369 3680; x_wconf 85' lang='lat' dir='ltr'>philosophus</span> 
     </span>
     <span class='ocr_line' id='line_1_32' title="bbox 215 3700 1368 3788; baseline -0.004 -21"><span class='ocrx_word' id='word_1_298' title='bbox 215 3703 254 3767; x_wconf 83' lang='lat' dir='ltr'><em>do</em></span> <span class='ocrx_word' id='word_1_299' title='bbox 278 3701 388 3768; x_wconf 88' lang='lat' dir='ltr'>unimo</span> <span class='ocrx_word' id='word_1_300' title='bbox 417 3703 568 3786; x_wconf 79' lang='lat' dir='ltr'>sentiret,</span> <span class='ocrx_word' id='word_1_301' title='bbox 602 3702 658 3767; x_wconf 79' lang='lat' dir='ltr'>sorl</span> <span class='ocrx_word' id='word_1_302' title='bbox 685 3725 783 3788; x_wconf 81' lang='lat' dir='ltr'>rprnrn</span> <span class='ocrx_word' id='word_1_303' title='bbox 813 3724 886 3766; x_wconf 78' lang='lat' dir='ltr'>veru</span> <span class='ocrx_word' id='word_1_304' title='bbox 917 3703 1065 3769; x_wconf 78' lang='lat' dir='ltr'>Platonis</span> <span class='ocrx_word' id='word_1_305' title='bbox 1095 3707 1127 3768; x_wconf 84' lang='lat' dir='ltr'><em>et</em></span> <span class='ocrx_word' id='word_1_306' title='bbox 1155 3700 1368 3788; x_wconf 76' lang='lat' dir='ltr'>Hippocratis</span> 
     </span>
     <span class='ocr_line' id='line_1_33' title="bbox 214 3809 1370 3896; baseline -0.003 -20"><span class='ocrx_word' id='word_1_307' title='bbox 214 3810 345 3876; x_wconf 80' lang='lat' dir='ltr'>decreta</span> <span class='ocrx_word' id='word_1_308' title='bbox 364 3817 481 3876; x_wconf 81' lang='lat' dir='ltr'>essent.</span> <span class='ocrx_word' id='word_1_309' title='bbox 523 3809 629 3886; x_wconf 63' lang='grc' dir='ltr'><em>(λοιπε</em></span> <span class='ocrx_word' id='word_1_310' title='bbox 649 3811 700 3876; x_wconf 81' lang='lat' dir='ltr'><em>vel</em></span> <span class='ocrx_word' id='word_1_311' title='bbox 720 3833 767 3894; x_wconf 75' lang='lat' dir='ltr'><em>sa,</em></span> <span class='ocrx_word' id='word_1_312' title='bbox 786 3833 869 3894; x_wconf 81' lang='lat' dir='ltr'>quae</span> <span class='ocrx_word' id='word_1_313' title='bbox 888 3815 999 3876; x_wconf 81' lang='lat' dir='ltr'>contra</span> <span class='ocrx_word' id='word_1_314' title='bbox 1021 3809 1244 3896; x_wconf 74' lang='lat' dir='ltr'>Chrysippum</span> <span class='ocrx_word' id='word_1_315' title='bbox 1264 3811 1370 3895; x_wconf 79' lang='lat' dir='ltr'>(lispu-</span> 
     </span>
     <span class='ocr_line' id='line_1_34' title="bbox 214 3917 1368 4004; baseline -0.003 -20"><span class='ocrx_word' id='word_1_316' title='bbox 214 3917 293 4004; x_wconf 82' lang='lat' dir='ltr'>tovi,</span> <span class='ocrx_word' id='word_1_317' title='bbox 315 3921 446 4004; x_wconf 82' lang='lat' dir='ltr'>praetor·</span> <span class='ocrx_word' id='word_1_318' title='bbox 465 3919 654 3984; x_wconf 82' lang='lat' dir='ltr'>institutum</span> <span class='ocrx_word' id='word_1_319' title='bbox 674 3919 760 3983; x_wconf 70' lang='lat' dir='ltr'>silita</span> <span class='ocrx_word' id='word_1_320' title='bbox 786 3921 913 3982; x_wconf 75' lang='lat' dir='ltr'>suntet</span> <span class='ocrx_word' id='word_1_321' title='bbox 934 3917 1029 4000; x_wconf 79' lang='lat' dir='ltr'>Zeus,</span> <span class='ocrx_word' id='word_1_322' title='bbox 1053 3917 1081 3982; x_wconf 90' lang='lat' dir='ltr'>si</span> <span class='ocrx_word' id='word_1_323' title='bbox 1105 3917 1191 3982; x_wconf 81' lang='lat' dir='ltr'>idom</span> <span class='ocrx_word' id='word_1_324' title='bbox 1212 3939 1250 3982; x_wconf 87' lang='lat' dir='ltr'><em>uc</em></span> <span class='ocrx_word' id='word_1_325' title='bbox 1271 3917 1368 4001; x_wconf 70' lang='lat' dir='ltr'>Chry·</span> 
     </span>
     <span class='ocr_line' id='line_1_35' title="bbox 215 4023 1369 4112; baseline -0.004 -22"><span class='ocrx_word' id='word_1_326' title='bbox 215 4027 329 4112; x_wconf 83' lang='lat' dir='ltr'>sippus</span> <span class='ocrx_word' id='word_1_327' title='bbox 349 4027 459 4109; x_wconf 75' lang='lat' dir='ltr'>sentit,</span> <span class='ocrx_word' id='word_1_328' title='bbox 477 4026 593 4092; x_wconf 75' lang='lat' dir='ltr'>iisrlurn</span> <span class='ocrx_word' id='word_1_329' title='bbox 613 4026 805 4092; x_wconf 72' lang='lat' dir='ltr'>criminibus</span> <span class='ocrx_word' id='word_1_330' title='bbox 826 4026 933 4092; x_wconf 80' lang='lat' dir='ltr'>utfinis</span> <span class='ocrx_word' id='word_1_331' title='bbox 954 4025 1152 4112; x_wconf 75' lang='lat' dir='ltr'>csrrsobitur3</span> <span class='ocrx_word' id='word_1_332' title='bbox 1176 4025 1205 4090; x_wconf 88' lang='lat' dir='ltr'>si</span> <span class='ocrx_word' id='word_1_333' title='bbox 1224 4023 1369 4092; x_wconf 82' lang='lat' dir='ltr'>Platonis</span> 
     </span>
     <span class='ocr_line' id='line_1_36' title="bbox 214 4132 1369 4220; baseline -0.004 -21"><span class='ocrx_word' id='word_1_334' title='bbox 214 4133 378 4220; x_wconf 86' lang='lat' dir='ltr'>principia</span> <span class='ocrx_word' id='word_1_335' title='bbox 408 4135 555 4219; x_wconf 80' lang='lat' dir='ltr'>sequitur</span> <span class='ocrx_word' id='word_1_336' title='bbox 584 4135 685 4200; x_wconf 84' lang='lat' dir='ltr'>simili</span> <span class='ocrx_word' id='word_1_337' title='bbox 713 4134 811 4200; x_wconf 81' lang='lat' dir='ltr'>morlo</span> <span class='ocrx_word' id='word_1_338' title='bbox 842 4156 878 4200; x_wconf 86' lang='lat' dir='ltr'>nc</span> <span class='ocrx_word' id='word_1_339' title='bbox 907 4132 1082 4198; x_wconf 72' lang='lat' dir='ltr'>Cleanthes</span> <span class='ocrx_word' id='word_1_340' title='bbox 1111 4135 1144 4197; x_wconf 83' lang='lat' dir='ltr'><em>ot</em></span> <span class='ocrx_word' id='word_1_341' title='bbox 1166 4132 1369 4214; x_wconf 82' lang='lat' dir='ltr'>Posidonius,</span> 
     </span>
     <span class='ocr_line' id='line_1_37' title="bbox 216 4239 1368 4328; baseline -0.006 -20"><span class='ocrx_word' id='word_1_342' title='bbox 216 4265 236 4308; x_wconf 82' lang='lat' dir='ltr'>a</span> <span class='ocrx_word' id='word_1_343' title='bbox 267 4246 399 4308; x_wconf 84' lang='lat' dir='ltr'>nostrae</span> <span class='ocrx_word' id='word_1_344' title='bbox 432 4241 661 4327; x_wconf 80' lang='lat' dir='ltr'>philosophias</span> <span class='ocrx_word' id='word_1_345' title='bbox 695 4243 845 4328; x_wconf 84' lang='lat' dir='ltr'>portibus</span> <span class='ocrx_word' id='word_1_346' title='bbox 881 4242 997 4324; x_wconf 86' lang='lat' dir='ltr'>stabit,</span> <span class='ocrx_word' id='word_1_347' title='bbox 1030 4241 1095 4326; x_wconf 83' lang='lat' dir='ltr'>sin,</span> <span class='ocrx_word' id='word_1_348' title='bbox 1124 4239 1157 4306; x_wconf 88' lang='lat' dir='ltr'>id</span> <span class='ocrx_word' id='word_1_349' title='bbox 1190 4241 1276 4327; x_wconf 78' lang='lat' dir='ltr'>quod</span> <span class='ocrx_word' id='word_1_350' title='bbox 1311 4257 1368 4324; x_wconf 76' lang='lat' dir='ltr'><em>rgo</em></span> 
     </span>
     <span class='ocr_line' id='line_1_38' title="bbox 215 4343 1367 4437; baseline -0.008 -19"><span class='ocrx_word' id='word_1_351' title='bbox 215 4351 322 4434; x_wconf 84' lang='lat' dir='ltr'>credo,</span> <span class='ocrx_word' id='word_1_352' title='bbox 344 4349 607 4435; x_wconf 74' lang='lat' dir='ltr'>perturbationes</span> <span class='ocrx_word' id='word_1_353' title='bbox 631 4349 759 4416; x_wconf 80' lang='lat' dir='ltr'>iudiciis</span> <span class='ocrx_word' id='word_1_354' title='bbox 785 4349 955 4414; x_wconf 70' lang='lat' dir='ltr'>srusulere</span> <span class='ocrx_word' id='word_1_355' title='bbox 974 4349 1138 4437; x_wconf 78' lang='lat' dir='ltr'>opinatur,</span> <span class='ocrx_word' id='word_1_356' title='bbox 1159 4348 1287 4414; x_wconf 78' lang='lat' dir='ltr'>medius</span> <span class='ocrx_word' id='word_1_357' title='bbox 1311 4343 1367 4412; x_wconf 79' lang='lat' dir='ltr'>erit</span> 
     </span>
    </p>
   </div>
   <div class='ocr_carea' id='block_1_5' title="bbox 0 0 1504 5034">
    <p class='ocr_par' dir='ltr' id='par_1_5' title="bbox 0 0 1504 5034">
     <span class='ocr_line' id='line_1_39' title="bbox 0 0 1504 5034; baseline 0 0"><span class='ocrx_word' id='word_1_358' title='bbox 0 0 1504 5034; x_wconf 95' lang='lat' dir='ltr'><em> </em></span> 
     </span>
    </p>
   </div>
  </div>
 </body>
</html>
