2942 5008
551 387 589 397 --
638 365 688 414 ru
736 385 778 394 --

88 513 253 587 nabebunt,
277 511 365 594 «quand
393 509 513 575 arricum
539 509 580 575 iis
605 507 765 573 rideatur.
813 507 912 572 l'elnt
936 509 1246 594 l’rolegomeuonnn

86 643 146 690 ura
172 627 257 692 ratio
296 627 452 692 instituta
482 623 622 691 nimium
664 629 823 710 <parantum
864 625 1158 712 l‘alaeograplrianr
1197 649 1249 691 su·

88 771 110 828 p·
122 745 259 810 rioribus
294 743 436 810 saeculis
469 745 649 808 tractatam
681 739 830 807 redolere
863 741 1001 808 ridetur.
1051 741 1098 806 At
1125 763 1164 807 ea
1192 744 1248 830 qui

89 863 146 926 *vri
171 862 279 946 potuit
304 869 340 926 nt
365 861 465 926 aliter
488 859 725 942 institueretur,
749 859 776 923 si
796 857 940 944 quidem,
963 858 1049 945 qnod
1063 857 1132 924 iere
1149 881 1248 926 nemo

88 1003 143 1044 oon
174 978 347 1064 concedat,
379 999 516 1044 necesse
549 975 614 1042 luit
645 975 678 1042 in
714 975 872 1060 editione,
904 997 988 1062 quae
1012 975 1120 1061 prima
1142 975 1177 1041 in
1202 999 1249 1041 re-

90 1095 305 1180 ugnoseendo
329 1099 422 1162 textu
447 1099 647 1176 versaretur,
671 1091 732 1158 sub
751 1115 817 1158 nno
836 1093 930 1178 qnasi
950 1093 1107 1176 nelspeetu
1127 1115 1247 1178 ponere

90 1213 317 1298 traiectisque
357 1213 586 1280 demonstrare
627 1211 799 1295 exemplis,
842 1215 876 1273 et
913 1209 1043 1294 qualern
1086 1209 1248 1278 editiones

90 1331 261 1410 uperioms
295 1333 421 1396 textum
454 1327 671 1394 tradidissent.
701 1331 734 1392 et
766 1329 925 1412 quantum
958 1327 1197 1412 quantillumre
1229 1349 1247 1394 e

27 1530 35 1545 ·
90 1447 259 1530 «ananus,
294 1446 352 1532 qui
389 1449 535 1511 aetatm
568 1443 728 1526 tulerunt,
765 1441 943 1528 petendum
980 1447 1068 1508 esset
1108 1443 1247 1510 anxilii?
1363 1511 1369 1518 ,

92 1563 207 1630 luinde
234 1565 341 1631 nolint
371 1561 503 1644 mirari,
530 1561 559 1628 si
586 1561 621 1624 in
650 1559 900 1642 Prolegornenis
932 1559 1139 1646 reppererint
1165 1581 1246 1628 non·

92 1681 174 1746 ulla
197 1705 215 1748 a
237 1703 288 1748 ure
312 1681 487 1746 emendata
511 1677 584 1762 diei,
607 1677 744 1762 quaein
769 1675 982 1741 adnotatione
1001 1676 1117 1743 critica
1135 1677 1245 1764 legent

93 1797 251 1864 errrendata
280 1821 299 1863 a
327 1797 501 1864 Ceruario.
551 1793 658 1861 Causa
688 1793 769 1858 haee
799 1799 863 1876 est,
891 1793 975 1880 qnod
1006 1791 1246 1880 Prolegomena

94 1915 151 1980 iun
175 1917 259 2002 typis
282 1914 423 2000 exprimi
449 1917 565 1997 coepta
589 1915 692 1994 erant,
716 1931 789 1976 curn
815 1907 966 1976 t'oruarii
991 1909 1245 1999 emendationes,

94 2055 168 2115 qne
196 2031 332 2118 margini
361 2028 559 2116 exemplaris
587 2027 727 2093 Aldinae
761 2027 947 2112 adscriptae
975 2029 1011 2094 in
1042 2027 1245 2096 bibliotheca

96 2147 267 2214 academica
298 2145 437 2214 J-ensi
471 2152 697 2227 asservantur,
733 2143 766 2210 in
800 2165 917 2210 manus
954 2166 1044 2210 meas
1078 2149 1245 2232 venerunt,

104 2265 172 2330 nde
194 2265 309 2332 multas
333 2265 425 2331 illins
449 2261 666 2330 correctiones
692 2283 766 2327 eum
785 2260 868 2326 meis
887 2261 1071 2328 consentire
1091 2263 1245 2350 cognosi3

98 2397 195 2468 nuque
217 2382 471 2468 relinquebatur,
494 2383 531 2445 nt
553 2379 587 2444 in
613 2377 825 2445 adnotatione
848 2377 962 2443 critica
988 2375 1148 2446 Comario
1171 2379 1243 2446 viar-

99 2497 225 2564 dicarem
248 2521 296 2582 ea,
319 2499 353 2564 in
376 2518 463 2582 qnae
491 2495 563 2580 ipse
589 2517 719 2582 qnoque
747 2493 945 2560 incidissem.
992 2493 1083 2561 Idem
1111 2495 1146 2562 in
1169 2495 1244 2563 aliis

99 2615 200 2680 nnius
233 2613 530 2694 emendationibus,
571 2633 654 2698 quas
696 2611 731 2678 in
763 2609 1010 2698 Prolegomenis
1051 2634 1118 2680 non
1160 2635 1245 2680 oom-

100 2733 275 2816 nemorari,
297 2729 485 2797 iaciendum
513 2729 627 2814 putari
651 2727 804 2812 religioni
833 2727 959 2794 babens
983 2727 1107 2816 aliquid
1129 2751 1150 2796 a
1172 2752 1243 2798 meo

100 2849 216 2916 enemo
238 2849 420 2934 proiectum
444 2843 644 2932 praedicare,
667 2844 752 2931 quod
777 2845 868 2930 prior
890 2845 946 2910 ille
970 2845 1159 2912 invenisset
1196 2845 1243 2914 Ut

101 2981 194 3030 „arem
216 2964 392 3032 iactantiae
424 2965 547 3030 crimen
571 2961 819 3056 facilene-edo,
843 2963 959 3048 effugi,
986 2963 1034 3028 itu
1063 2963 1172 3030 mirans
1195 2963 1240 3030 la

101 3079 155 3144 ule
176 3081 333 3148 ridebitur
355 3081 483 3148 duobus
506 3079 582 3146 aliis
606 3099 659 3144 me
681 3099 838 3165 purgare,
865 3079 1107 3146 inconstantiae
1135 3081 1242 3148 cuins·

100 3193 165 3262 dam
186 3203 217 3264 et
237 3197 474 3286 neglegentiae.
519 3195 628 3262 Erunt
650 3195 752 3280 enirn,
776 3196 831 3282 qni
855 3217 960 3282 neque
983 3197 1065 3264 satis
1088 3201 1242 3266 omnn-

103 3326 159 3378 ton
180 3337 227 3382 me
249 3316 283 3382 in
306 3313 359 3400 iis,
388 3337 472 3402 qnae
495 3313 537 3380 ad
561 3311 835 3400 orthographiam
862 3335 1016 3401 graecam
1043 3318 1078 3380 et
1104 3314 1241 3382 latinam

104 3431 263 3516 tertinent,
295 3431 396 3498 trusae
424 3429 688 3496 animadvertant
719 3451 825 3516 neque
853 3429 886 3496 in
915 3431 1117 3518 corrigendis
1145 3436 1242 3518 typo·

103 3558 247 3616 netarum
270 3549 396 3615 mendis
419 3547 621 3634 diligentem,
645 3547 767 3632 qnippe
790 3547 845 3632 qui
870 3557 1023 3612 accentus
1043 3547 1242 3636 spiritusque

103 3683 156 3728 na
177 3665 284 3750 wuda
307 3667 444 3732 vocibus
468 3663 595 3752 graecis
619 3665 731 3728 deesse
764 3687 829 3730 non
858 3663 1005 3730 viderim.
1051 3663 1177 3753 Audi03
1206 3671 1242 3732 at

104 3779 169 3846 iiiut
194 3805 322 3868 perraro
352 3779 486 3864 aicidit,
512 3785 551 3846 ut
577 3781 613 3848 in
642 3781 803 3866 scriptura
837 3781 919 3848 mihi
946 3803 1012 3849 non
1045 3787 1240 3870 constarem,

104 3919 133 3958 ae
153 3921 188 3964 ue
210 3899 345 3966 devitari
374 3898 505 3984 quidum
528 3919 760 3985 usquequaque
787 3899 910 3985 potuit,
940 3899 1029 3964 velut
1052 3899 1085 3966 in
1108 3899 1191 3967 locis
1219 3922 1240 3967 a

104 4011 210 4082 fidene
236 4039 272 4082 ex
297 4015 500 4102 Hippocrate
528 4015 685 4098 laudatis,
714 4015 805 4081 caius
829 4037 869 4082 ne
893 4015 927 4082 in
951 4015 1085 4102 optimis
1109 4017 1239 4104 quidem

103 4129 249 4198 redicrlrua
272 4133 334 4200 sibi
359 4137 490 4200 constet
519 4133 701 4219 scriptura3
729 4133 868 4198 alterum
897 4155 954 4198 nee
983 4133 1240 4220 typothetarum,

104 4265 222 4330 «quornm
248 4249 468 4336 diligentiam,
499 4273 559 4316 nee
588 4260 808 4316 correctorum
838 4247 1072 4335 Lipsiensium,
1100 4273 1239 4338 quornm

103 4367 321 4434 astantiam
354 4387 475 4454 magna
499 4367 594 4434 lande
622 4367 754 4454 dignam
782 4367 904 4452 indico,
930 4389 990 4434 nec
1023 4389 1097 4434 mea
1134 4367 1242 4456 eulpa,
