3048 5036
709 385 994 490 -rsof

252 557 327 624 λοιο
354 547 490 623 πιθανά
515 577 551 620 τε
578 550 632 619 καὶ
666 549 826 638 ῥητορικά
853 549 1135 640 προσαγορεύειν,
1167 548 1211 622 οὗ
1238 581 1299 644 μοι
1327 556 1420 644 μέλει

184 666 311 750 εξετῐης
332 661 491 748 κλήσεως,
511 661 516 748 Ι
537 667 712 746 γνωριζειν
734 658 772 726 ὑὲ
791 656 905 728 αὐτον
923 658 985 747 χρὴ
1005 664 1188 747 πειρᾶσθαι
1212 662 1280 750 τὴν
1298 664 1423 752 φύσιν·

253 776 301 838 ἔτι
329 769 366 838 δὲ
393 771 523 856 μᾶλλον
550 765 782 856 ἀποκεχώρηκε
809 771 869 854 της
897 764 1015 846 οίσίας
1045 771 1108 837 τοῦ
1141 773 1352 859 ζητουμένου
1378 771 1422 841 τά

253 874 443 964 σοφιστικά.
482 877 538 944 καὶ
553 877 733 962 γέγραπται
747 877 821 960 περὶ
842 875 974 944 τούτων
987 873 1150 944 ἁπάντων
1162 893 1235 958 τοῖς
1248 888 1421 962 παλαιοῖς,

225 985 292 1052 siv
313 982 377 1071 pla
403 997 475 1063 τοῖς
501 999 710 1070 σοφιστικοῖς
736 985 883 1071 ἐλέγχοις
908 985 983 1072 περὶ
1016 987 1086 1053 τῶν
1113 992 1325 1071 σοφιστικῶν
1354 999 1422 1057 είτε

252 1091 449 1178 προτάσεων
481 1091 613 1170 ἐθέλοις
641 1088 819 1178 ὀνομάζειν
855 1101 919 1160 εἶτε
959 1088 1159 1179 ἀξιωμάτων
1191 1103 1257 1164 εἴτε
1290 1095 1421 1182 λόγων,

253 1196 357 1268 οὐδέν
378 1197 444 1288 γάρ
467 1204 515 1280 είς
541 1197 581 1267 τίι
603 1199 755 1286 παρόντα
778 1201 949 1288 ὸιαφέρει,
976 1199 1060 1267 κατὰ
1088 1201 1125 1268 nt
1154 1199 1214 1281 τάς
1236 1205 1423 1291 ῥητορικὰς

251 1307 371 1394 τέχνας
393 1303 478 1394 ὑπὲρ
499 1310 569 1375 τῶν
593 1307 797 1393 ῥητορικῶν,
826 1309 865 1376 έν
892 1307 929 1376 ot
956 1323 1029 1388 τοῖς
1054 1323 1206 1388 τοπικοῖς
1233 1306 1320 1397 ὑπὲρ
1349 1315 1423 1380 τῶν

253 1417 487 1500 διαλεκτικῶν,
510 1415 548 1482 lv
572 1414 607 1482 ut
632 1429 702 1495 τοῖς
724 1415 797 1500 περὶ
822 1412 1038 1502 ἀποδείξεως,
1067 1412 1089 1484 ἃ
1117 1415 1160 1503 ὀὴ
1189 1417 1246 1484 καὶ
1275 1417 1422 1506 δεύτερα

213 1518 437 1592 ιοάναλοτικίι
470 1521 731 1610 ἐπιγράφουσιν,
767 1519 853 1608 ὑπὲρ
885 1527 953 1592 τῶν
986 1525 1265 1610 ε’τιιστημονικῶν.
1319 1525 1420 1610 ῶστε,

252 1628 344 1712 ὅστις
373 1627 492 1700 ὁτιοῦν
519 1625 761 1698 ἀποδεικνύναι
789 1633 959 1717 πειρᾶται,
991 1635 1105 1716 πρῶτα
1132 1631 1195 1718 μὲν
1222 1629 1286 1720 χρὴ
1314 1638 1419 1703 τοῦτο
1445 1669 1451 1677 ·

252 1739 452 1826 ἐγνωκέναι,
483 1737 547 1826 τὴν
578 1737 749 1828 ὁιαηορίιν
777 1743 847 1807 τῶν
874 1738 1058 1828 λημμάτων
1085 1735 1215 1826 αὐτῶν,
1243 1737 1311 1808 εἶθ’
1344 1741 1422 1828 έξῑγς

251 1844 365 1940 χρόνῳ
392 1849 505 1938 πολλῷ
533 1846 786 1936 γεγυμνάσθαι,
813 1847 971 1934 λέγοντος
999 1846 1064 1935 μὲν
1092 1847 1209 1936 ἑτέρου
1236 1854 1420 1936 γνῶριζειν

252 1951 339 2024 αὐτὰ
360 1960 463 2024 ποίου
486 1955 607 2041 γένους
629 1954 722 2022 ἐστίν
749 1955 785 2023 έκ
811 1957 880 2022 τῶν
904 1955 1103 2043 εἰρημένων,
1126 1953 1171 2042 μὴ
1195 1955 1357 2040 λέγοντος
1379 1955 1420 2024 δὲ

213 2085 238 2126 ιι
253 2062 369 2152 ἑτέρου
399 2063 526 2150 ταχέως
553 2063 756 2148 ἐξευρίσκειν
784 2058 891 2130 αὐτὸν
923 2066 971 2142 είς
998 2064 1140 2132 ἕκαστον
1171 2065 1242 2130 τῶν
1268 2069 1420 2151 προβλη-

251 2173 402 2242 θέντων·
426 2170 477 2239 ένλ
501 2169 539 2238 δὲ
562 2169 663 2262 λόγῳ,
686 2169 840 2258 καθάπερ
865 2171 916 2238 ἐπὶ
940 2172 1002 2238 τοῦ
1021 2175 1214 2258 λογίζεσθαι
1237 2174 1419 2258 ποιοῦμεν,

252 2311 468 2320 ι---ῂ

288 2377 304 2426 5
326 2365 451 2440 ἐλέγχοις
469 2399 503 2409 -
524 2371 696 2436 σοφιστικῶν
715 2387 769 2423 οιιι.
789 2369 818 2424 C.
840 2400 872 2409 -
899 2377 915 2424 ο·
935 2361 1048 2430 ἐθέλεις
1066 2367 1196 2422 ABChK
1216 2363 1331 2431 έθέλοις
1350 2369 1417 2426 CM.

253 2475 286 2485 —
311 2448 328 2497 9
348 2437 380 2496 έν
399 2449 458 2504 τοῖς
476 2440 496 2495 C
518 2437 548 2495 έν
567 2441 599 2495 ot
620 2448 678 2502 τοῖς
699 2442 763 2496 MA.
784 2472 818 2480 —
845 2449 875 2495 11
896 2442 999 2494 τουτον
1017 2441 1045 2494 M
1065 2437 1132 2494 roric
1152 2441 1214 2507 (sicr
1238 2440 1258 2494 C
1278 2437 1360 2494 τουτ’
1382 2445 1418 2498 Α.

253 2545 286 2555 -
312 2521 345 2569 15
365 2507 452 2582 ἕτέρω
471 2513 500 2568 M
521 2507 619 2578 e‘re'oon
640 2513 699 2567 Cn.
721 2543 754 2553 -
780 2512 886 2580 ταχέως
905 2531 946 2581 sp.
966 2529 1026 2567 vac.
1046 2525 1062 2565 υ
1083 2513 1137 2566 litt.
1159 2529 1237 2566 σκειν
1257 2512 1285 2564 M
1306 2513 1418 2582 ταχέως

252 2582 329 2642 ίστλν
345 2579 488 2653 εὑρίσκειν
504 2585 604 2639 nBch
620 2606 642 2638 t.
659 2584 733 2638 ἔστιν
749 2579 791 2640 ευ.
807 2585 830 2638 h'
846 2605 867 2639 τ,
884 2580 1058 2652 ἐξευρίσκειν
1073 2587 1107 2650 λίς
1123 2583 1157 2638 cf.
1170 2583 1266 2653 l'rogr.
1282 2585 1303 2652 l,
1323 2592 1365 2640 15.
1382 2617 1417 2626 -

254 2665 287 2714 16
305 2653 379 2727 λόγω
399 2676 440 2727 sp.
459 2673 520 2714 rac.
541 2665 556 2712 6
576 2657 631 2712 litt.
651 2652 697 2710 ἐπὶ
718 2657 745 2710 M
764 2661 787 2711 λ.
806 2653 942 2723 καθάπερ
962 2652 984 2711 ί.
1004 2654 1063 2711 Cn
1083 2686 1117 2694 —
1137 2651 1184 2710 ἐπὶ
1203 2657 1370 2723 λογίζεσθαι
1392 2657 1415 2714 C

253 2725 301 2786 lul
319 2730 357 2785 τῶ
377 2733 401 2784 λ.
419 2729 448 2784 M
468 2725 516 2784 έπὶ
536 2729 572 2804 τῷ
592 2733 615 2786 λ.
634 2727 765 2784 hlleh'
786 2723 833 2784 έπλ
853 2729 902 2782 τοῦ
923 2731 945 2784 λ.
966 2745 1024 2784 nos.
1044 2742 1078 2768 -“

253 2953 307 2998 cas
324 2932 392 2998 sive
407 2930 596 3016 probabiles
613 2930 681 2995 sire
698 2930 860 2996 oratorias
876 2928 981 2994 dicere
996 2929 1087 3014 velie,
1106 2951 1173 2994 non
1186 2928 1417 3015 magnifacio,

252 3039 309 3106 secl
328 3039 361 3106 id
376 3039 564 3123 curandum,
579 3043 615 3104 ut
634 3043 786 3104 rnrturarn
801 3059 912 3102 carrnn
932 3035 1107 3122 diligenter
1121 3057 1291 3122 agnoscas
1329 3037 1416 3105 Lon-

252 3149 387 3235 gissime
411 3169 488 3212 vero
513 3170 531 3212 a
557 3146 617 3230 rei,
641 3147 679 3210 cle
704 3170 767 3231 qna
797 3147 945 3232 quaestio
970 3146 1022 3228 fit,
1045 3144 1231 3210 substantia
1256 3145 1417 3213 recedunt

252 3255 461 3341 sophisticae.
508 3255 557 3320 Aa
585 3254 623 3318 de
652 3254 704 3318 his
728 3254 889 3320 uniuersis
917 3256 1096 3318 tractatum
1120 3275 1139 3318 a
1163 3253 1330 3320 veteribus
1354 3259 1417 3340 est,

253 3363 287 3428 in
311 3363 501 3450 sophisticis
530 3362 659 3447 quidem
689 3361 833 3426 elenchis
863 3361 902 3426 do
931 3359 1121 3446 sophisticis
1150 3362 1330 3446 propositis
1356 3385 1415 3428 seu

253 3471 349 3537 nralis
374 3471 594 3557 pronuntiatis
619 3493 675 3535 seu
700 3469 882 3536 rationibus
906 3507 949 3517 —
973 3467 1055 3533 nihil
1080 3469 1168 3534 enirn
1191 3469 1414 3555 adpraesens

252 3580 441 3646 institutum
465 3580 600 3644 interest
625 3615 682 3662 -,
706 3579 741 3642 in
765 3578 891 3644 artibus
915 3575 1087 3643 rhetoricis
1112 3577 1150 3640 cle
1175 3577 1347 3657 oratoriis,
1379 3579 1417 3644 in

253 3687 372 3772 topicis
392 3688 430 3753 cle
450 3687 640 3770 dialecticis,
663 3687 698 3752 in
717 3686 811 3751 libris
831 3685 869 3749 cle
889 3685 1178 3769 demonstratione,
1196 3707 1279 3772 quae
1298 3685 1415 3751 eadem

251 3794 418 3880 analytica
443 3796 627 3881 posteriora
647 3793 840 3876 inscribunt,
864 3793 903 3858 de
927 3793 978 3878 iis,
1001 3794 1035 3859 in
1058 3793 1176 3879 quibus
1201 3794 1287 3858 inest
1309 3793 1414 3858 disse·

252 3901 342 3968 rendi
367 3903 543 3970 subtilitas.
582 3903 815 3984 thramobrem,
839 3901 894 3986 qui
918 3901 1141 3968 deruonstrare
1166 3899 1290 3986 aliquid
1314 3923 1414 3968 cona-

251 4013 318 4093 tur,
356 4011 498 4094 prirnum
527 4011 623 4076 debet
657 4010 857 4076 sumtionurn
886 4011 1033 4095 ipsarum
1061 4009 1279 4074 clitl'erentiarn
1307 4009 1413 4094 probe

250 4121 375 4201 tenere,
403 4119 518 4184 deinde
541 4119 693 4183 ‹liuturna
720 4117 953 4182 exercitatione
977 4117 1010 4182 id
1034 4117 1178 4202 assequi,
1202 4123 1256 4200 ut,
1281 4117 1307 4183 si
1332 4119 1412 4204 quid

251 4223 335 4290 alius
359 4227 783 4311 pr·orn1ntieu·crit,exquo
808 4227 949 4311 quidque
973 4247 1091 4311 genere
1115 4229 1259 4290 sunrtunr
1284 4227 1341 4312 sit,
1371 4249 1412 4292 ex

251 4330 348 4398 (lictis
377 4341 549 4420 agnoscat,
583 4335 609 4399 si
639 4334 723 4401 nihil
752 4335 1029 4420 pronuntiaverit,
1062 4335 1176 4399 statim
1205 4334 1275 4418 ipsc
1304 4337 1414 4420 possit

251 4439 406 4524 invenire,
429 4443 515 4526 «procl
535 4443 574 4508 ad
594 4443 776 4528 ‹pnrrnlibct
798 4465 867 4508 renr
891 4444 1097 4528 propositam
1122 4444 1166 4508 sit
1184 4445 1412 4512 accommodu-
