2992 5034
554 312 802 379 ...449-

87 475 193 561 prov,
217 469 256 540 τὸ
280 469 326 560 μὴ
350 467 434 540 κατὰ
457 474 526 540 πᾶν
544 473 685 541 ἕπεσθαι
708 475 754 565 τῷ
779 472 817 540 ἐν
840 467 956 552 αὑτοῖς
977 475 1115 561 δαίμονι
1139 491 1256 562 συγγε-

83 583 151 650 ‘vet
187 605 224 650 τε
258 577 332 650 ὄντι
369 580 425 648 aul
457 579 521 668 τὴν
557 576 680 670 ὁμοίαν
711 578 820 666 φύσιν
855 585 965 669 ἔχοντι
997 583 1043 674 τῷ
1079 577 1142 651 τὸν
1173 577 1255 651 όλον

84 687 234 778 ’κόσμου
258 691 457 773 διοικοῦντι,
479 691 526 780 τῷ
551 687 588 757 dt
612 695 738 776 χείρονι
763 687 818 756 καὶ
840 687 960 779 §cecidet
986 687 1065 758 ποτὲ
1085 695 1256 760 συναικλί-

83 799 226 878 ’νοντιτς
253 797 428 884 φέρεσθαι.
474 799 511 864 οί
536 795 574 864 δὶ-
601 800 701 865 τοῦτο
729 795 930 883 παριδόντες
957 793 1035 866 οὔτε
1059 799 1097 867 ἐν
1122 796 1258 880 τούτοις

83 907 274 992 ’βελτιοῦσι
311 901 375 991 τήν
406 907 520 972 αἰτίαν
552 905 622 972 τόν
652 906 776 972 παθῶν
814 901 892 974 οὔτε
924 905 962 972 ἐν
992 919 1064 986 τοῖς
1095 906 1172 995 περὶ
1197 909 1284 995 eliel

82 1009 322 1102 ἐὐδαιμονίας
344 1011 399 1080 καλ
424 1007 606 1100 ὁμολογίας
625 1007 890 1098 ὀρθοδοξοῡσιν·
913 1011 955 1083 οὐ
978 1011 1042 1102 γὰρ
1061 1015 1256 1101 βλέπουσιν,

83 1119 147 1190 ’ὅτι
174 1120 316 1208 πρῶτόν
333 1122 425 1190 ἐστιν
448 1121 486 1189 ἐν
505 1117 590 1210 αὐτῇ
612 1117 651 1188 τό
673 1122 678 1206 Ι
698 1117 781 1188 κατὰ
805 1119 913 1208 μηδὲν
935 1119 1076 1209 ἄγεσθαι
1103 1119 1169 1193 ὑπὸ
1193 1125 1256 1193 τοῦ
1265 1138 1323 1197 4λο

82 1225 232 1316 ‘daturae
253 1254 288 1297 τε
311 1228 366 1296 καλ
390 1233 639 1317 κακοδαίμονος
661 1230 715 1296 καλ
740 1225 850 1298 ἀθέου
872 1233 931 1318 τῆς
953 1231 1083 1319 ψυχῆς]
1120 1231 1158 1300 ἐν
1179 1228 1257 1300 τοό-

84 1363 159 1418 τοις
182 1338 343 1424 φανερῶς
365 1333 384 1404 ὁ
409 1335 642 1418 Ποσειδώνιος
666 1338 812 1418 ἐδίδαξε,
835 1345 979 1427 πηλίκον
1001 1335 1257 1428 ἁμαρτάνουσιν

83 1449 121 1514 ol
146 1445 229 1532 περὶ
256 1441 318 1513 τὸν
340 1441 541 1532 Χρύσιππον
570 1440 612 1512 οὐ
639 1444 749 1532 μόνον
776 1447 814 1514 ἐν
840 1460 912 1528 τοῖς
938 1447 1013 1536 περλ
1041 1450 1111 1516 τῶν
1133 1450 1256 1516 ποδοῖν
1272 1467 1298 1509 ¹⁰

80 1559 277 1641 λογισμοῖς,
299 1547 384 1622 ἇλλιλ
403 1552 459 1621 καλ
477 1567 548 1632 τοῖς
564 1553 637 1640 περὶ
663 1557 726 1622 τοῦ
748 1553 873 1634 τέλους.
910 1550 953 1624 ου’
970 1554 1047 1642 γάρ,
1070 1551 1116 1636 ὥς
1133 1555 1256 1624 ἐκεῖνον

79 1663 262 1748 λέγουσιν,
285 1656 369 1729 ἀλλὰ
393 1655 440 1740 ὥς
462 1655 481 1728 ό
505 1658 653 1730 Πλάτων
677 1663 819 1744 ἐδίδαξε.
842 1659 880 1731 τὸ
905 1665 945 1752 τῇ
969 1661 1070 1750 φύσει
1094 1665 1154 1750 ξῆν
1176 1659 1257 1754 ὁμο-

81 1769 308 1858 λογουμένως
330 1769 433 1837 ἐστίν.
468 1765 567 1848 ὄντος
589 1767 654 1857 γὰρ
678 1769 716 1838 ἐν
740 1765 820 1857 ἡμῖν
838 1773 901 1838 τοῦ
923 1769 986 1859 μὲν
1003 1775 1177 1857 βελτίονος
1197 1773 1258 1862 τῆς

85 1881 203 1966 ιυχῆς
232 1877 370 1966 μέρους,
396 1877 459 1945 τοῦ
487 1873 523 1943 δὲ
547 1881 701 1965 χείρονος
730 1874 749 1946 ὁ
777 1875 841 1965 μλν
867 1881 912 1970 τῷ
940 1883 1087 1965 βελτίονι
1116 1878 1258 1950 συνεπό-

81 2013 193 2074 μενος
228 1983 507 2074 όμολογονμὲνως
540 1977 584 2052 όν
612 1984 743 2072 λέγοιτο
779 1987 819 2076 τῇ
850 1984 952 2073 φύσει
984 1989 1059 2074 ζῆν,
1091 1982 1110 2055 ὁ
1144 1986 1181 2056 δὲ
1210 1989 1255 2080 τῷ
1272 2007 1297 2048 ¹⁵

121 2173 133 2222 λ
165 2160 201 2222 ἰν
227 2158 305 2220 cirri
328 2161 464 2220 urach
489 2157 520 2220 lv
545 2157 622 2236 αὐτῷ
646 2161 699 2218 LK
723 2159 756 2219 ίν
779 2157 879 2230 αὑτοῖς
902 2165 960 2222 FP.
985 2195 1019 2208 -
1042 2165 1076 2224 δλ
1099 2161 1180 2238 μόλις
1203 2183 1257 2238 pro

81 2239 210 2310 δαίμονι
231 2235 253 2290 L
272 2237 376 2306 δαίμτν
396 2235 458 2304 (ric)
477 2235 515 2292 bl.
536 2265 569 2277 -
589 2240 605 2290 ‘2
624 2231 709 2305 λόγον
728 2253 779 2306 pro
797 2231 866 2292 ὅλον
884 2237 922 2294 Μ.
942 2269 976 2280 -
995 2244 1011 2293 3
1030 2239 1145 2308 χείρονι
1163 2237 1201 2294 λλ.
1220 2269 1257 2282 -

81 2310 295 2436 aguliacum
319 2307 349 2364 L.
373 2337 408 2350 ·-
433 2305 612 2394 λρέρετδιιι
632 2307 660 2362 in
683 2307 737 2363 hoc
762 2309 850 2364 verbo
873 2308 981 2367 desiuit
1002 2325 1061 2366 exc.
1086 2309 1150 2365 >dx
1173 2309 1256 2366 codd.

81 2383 104 2438 P
140 2423 148 2437 .
170 2413 207 2423 -
233 2375 268 2436 τό
288 2379 320 2436 dt
341 2397 393 2452 pro
411 2375 441 2436 ολ
457 2381 489 2435 δε
511 2378 541 2434 L.
563 2409 594 2420 -·
619 2375 794 2446 παριδόντας
813 2377 844 2436 L.
865 2411 895 2424 -·
923 2377 1090 2449 λπεριττόν
1109 2398 1162 2454 pro
1179 2381 1255 2450 πριό-

78 2475 132 2510 τοτ
153 2451 187 2510 Ῑι.
211 2481 244 2494 -
265 2446 340 2508 larsa
359 2469 414 2508 om.
430 2449 461 2506 L.
481 2481 515 2493 -
535 2457 551 2506 8
569 2445 656 2518 λόγου
676 2467 726 2522 pro
745 2447 851 2521 όλόγον
866 2450 896 2508 L.
912 2483 946 2494 -
965 2461 981 2508 ‘J
1001 2453 1072 2522 φασλ
1092 2469 1143 2524 pro
1166 2472 1256 2524 φαντ-

79 2528 141 2596 pei„-
162 2525 196 2580 L.
223 2555 256 2566 -
283 2533 312 2580 11
340 2531 399 2587 τοῖς
422 2521 835 2586 om.a1ABCh1§;cl.Proll.
859 2541 887 2596 p.
909 2531 966 2582 106.
992 2557 1025 2566 -
1056 2531 1089 2580 13
1109 2521 1198 2588 ὄντος
1216 2525 1255 2581 bl.

81 2629 116 2642 -
143 2605 178 2654 tl
196 2597 328 2723 pplpovoe
347 2593 463 2651 LbIAll
482 2595 594 2664 χείρους
609 2592 694 2680 βδΚ.
714 2625 747 2636 —-
765 2589 782 2682 δ
802 2595 856 2666 pls
875 2625 910 2638 -
928 2591 944 2654 ὃ
963 2595 995 2654 λλ
1016 2595 1049 2654 L.
1068 2627 1103 2640 -
1125 2603 1159 2652 lt
1177 2595 1254 2668 λίγοι

77 2667 112 2726 τό
134 2671 173 2738 τῆ
245 2663 406 2740 adparata
426 2665 510 2738 τῆλε.
531 2697 563 2706 —
583 2665 777 2736 scalpros
798 2666 830 2724 δὲ
850 2667 889 2723 Μ.
908 2699 942 2710 -

79 2859 164 2940 est,
199 2873 285 2918 curn
316 2849 493 2920 homines
526 2847 684 2934 genium
717 2847 796 2915 sibi
828 2851 992 2920 insitum
1024 2855 1063 2917 et
1095 2851 1255 2920 eandem

78 2967 273 3030 naturam
300 2959 508 3026 habentem
533 2959 651 3044 atque
681 2955 766 3042 ille,
800 2959 866 3044 qui
899 2961 1123 3028 universum
1153 2981 1258 3026 mun-

79 3071 176 3136 dum
201 3067 414 3154 gubernat,
437 3089 512 3134 non
536 3064 574 3132 in
594 3065 778 3133 omnibus
797 3067 912 3134 rebus
937 3073 1168 3156 sequuntur,
1191 3067 1255 3134 sed

79 3175 287 3246 deteriori
313 3175 607 3260 bestiarumque
640 3175 803 3262 proprio
833 3177 1131 3242 succumbentes
1160 3175 1255 3242 effe·

78 3289 239 3354 runtur.
301 3283 408 3360 Quod
441 3283 506 3370 qui
538 3305 614 3348 non
648 3282 1028 3370 animadverterunt,
1061 3307 1185 3370 neque
1217 3285 1256 3350 in

79 3397 159 3462 lrac
191 3414 232 3458 re
264 3391 459 3458 veriorem
488 3413 648 3456 causam
676 3391 1257 3476 perturbationum,inveniunt

78 3521 215 3588 neque
238 3499 278 3566 in
297 3499 364 3584 iis,
385 3519 481 3586 quae
501 3497 549 3566 sd
573 3498 817 3565 felicitatem
837 3503 873 3564 et
897 3521 1126 3566 consensum
1147 3521 1256 3586 spec-

79 3613 196 3694 tant,
225 3611 331 3674 recte
360 3605 552 3692 sentiunt3
582 3627 657 3674 non
688 3606 789 3672 enim
818 3607 951 3674 rident
979 3607 1143 3694 primum
1172 3627 1256 3672 esse

79 3723 124 3790 in
152 3739 200 3784 ea
222 3736 277 3800 re,
297 3737 345 3782 ne
368 3713 456 3802 quis
479 3713 560 3780 ulla
585 3714 625 3782 in
649 3737 688 3779 re
713 3713 759 3778 ab
783 3713 1012 3782 irrationali
1037 3721 1074 3780 et
1101 3713 1254 3780 infelici

78 3823 401 3910 divinitatisque
425 3827 584 3907 experte
608 3821 730 3890 animi
754 3821 948 3888 facultate
978 3819 1140 3910 agatur?
1191 3819 1254 3886 Hie

79 3932 290 4006 Posidonius
314 3935 428 4016 aperte
451 3929 670 4016 demonstrat,
699 3935 901 4016 quantopere
925 3935 1034 3996 errent
1057 3927 1255 4014 Chrysippei

79 4065 158 4114 non
182 4039 282 4106 modo
305 4039 340 4104 in
369 4037 649 4124 disputationibus
674 4037 713 4102 de
738 4039 924 4122 aflectibus,
952 4037 1187 4104 verumetiam
1216 4036 1256 4102 de

80 4157 165 4220 line.
212 4145 290 4214 Non
314 4145 401 4212 enim
430 4147 519 4230 tinia,
547 4149 585 4211 ut
612 4145 662 4210 illi
690 4145 816 4230 dieunt,
845 4145 899 4210 sed
924 4151 960 4210 ut
983 4145 1092 4230 Plato,
1119 4149 1256 4212 naturae

81 4253 304 4326 consentiens
328 4253 398 4318 vitu
422 4257 481 4318 est
526 4253 612 4320 Nam
638 4277 712 4320 eum
736 4255 771 4320 in
794 4253 891 4320 nobis
914 4253 996 4319 darae
1020 4253 1120 4320 araimi
1144 4257 1256 4340 partes

80 4369 175 4446 sint,
204 4384 269 4428 una
297 4361 429 4448 urelior,
457 4361 600 4428 deterior
627 4363 746 4448 altera,
774 4361 939 4428 meliorem
965 4361 1020 4448 qui
1045 4361 1205 4447 sequitur,
1228 4361 1257 4426 is

148 4476 235 4524 Galen!
249 4477 277 4520 da
291 4475 356 4520 rau.
371 4479 427 4520 lanc
441 4483 463 4520 et
479 4479 588 4530 llippoor.
603 4477 663 4522 labra.
1007 4473 1040 4522 2ss
