3048 5036
574 349 819 416 —195-

96 519 184 580 ίὸιον
210 509 388 598 ὄργανον,
412 507 473 579 τὸν
496 509 662 598 λάρυγγα,
690 511 743 578 καὶ
768 509 848 590 τοῦς
870 513 1050 590 κινοῦντας
1077 507 1184 580 αὐτὸν
1210 515 1275 601 μῦς

95 623 141 686 καί
169 619 215 688 τὰ
243 623 323 688 τῶν
345 621 443 706 μυῶν
467 620 606 687 ε’κείνων
629 621 734 705 νεῦρα
757 615 797 686 τῦ
822 620 854 700 έξ
874 618 1061 706 ἐγκεφάλου
1079 618 1274 709 καθήκοντα

93 727 143 793 καὶ
175 723 270 814 μετὰ
304 731 409 794 ταῦτει
442 725 505 814 την
538 730 704 812 γλῶτταν,
737 727 852 813 ἕτερον
885 725 1035 814 ὄργανον
1071 724 1113 796 οῦ
1146 731 1274 816 φωνῆς,

92 831 176 900 ἀλλὰ
213 835 406 902 διαλέκτου
440 861 474 902 τε
506 836 559 902 καί
600 836 790 915 ὸιιιλέξεως,
824 832 992 922 ὁποτέρως
1019 831 1063 903 dv
1095 832 1274 924 ὀνομάζειν

17 974 18 983 ¹
93 941 302 1028 ἐθελήσαις,
325 943 381 1010 καὶ
404 940 484 1022 τοῦς
506 945 570 1030 μῦς
594 943 802 1030 έπιὸείξομέν
825 963 878 1011 σοι
902 941 958 1009 καὶ
982 939 1021 1010 τά
1047 947 1151 1029 νεῦρα
1174 941 1214 1012 τὰ
1239 944 1300 1026 έξῠ

15 1104 16 1128 ,
92 1047 306 1135 ἐγκεφάλου.
356 1050 410 1118 καὶ
441 1048 484 1138 ὀὴ
517 1051 572 1116 καλ
602 1053 666 1140 ζῷα
693 1057 795 1118 πλείω
828 1049 1140 1136 παρασκευάσαντες
1167 1049 1274 1139 ῦλλην

93 1155 175 1224 κατὰ
198 1155 295 1226 ἄλλο
314 1165 383 1226 τῶν
403 1159 590 1245 εἰρημένων
609 1159 788 1244 ἐνεργειῶν
807 1160 1016 1246 ἐπιδείξομεν
1036 1154 1273 1248 ἀπολλυμένην

14 1293 15 1300 “
95 1261 145 1348 ἐφ’
179 1265 339 1334 ἑκάστου
361 1268 431 1334 τῶν
458 1262 523 1334 άπὸ
554 1263 741 1352 ἐγκεφάλου
769 1265 901 1352 νεῦρων
928 1265 1145 1354 τεμνομένου.
1189 1265 1273 1356 τάχα

96 1381 175 1452 ι’σως
201 1375 374 1461 ἐπιθυμεῖ
394 1399 444 1452 τις
466 1369 607 1442 άκοῦσαι
632 1377 700 1440 τῶν
724 1375 911 1460 είρημείιων
933 1375 1112 1460 ἐνεργειῶν
1135 1373 1274 1463 ἑκάστης

13 1501 14 1521 ¹
95 1479 130 1546 τῦ
156 1487 261 1550 ι’ὸιον
286 1479 437 1568 ὄργανον
460 1481 513 1549 καὶ
539 1481 618 1560 τοῦς
636 1485 816 1562 κινοῦντας
838 1485 903 1569 μῦς
926 1483 1047 1562 οἵτινές
1069 1482 1107 1550 τέ
1128 1486 1191 1551 είσι
1215 1483 1271 1551 καὶ
1287 1505 1313 1544 ¹⁰

96 1587 196 1658 πόσοι
230 1588 299 1658 τὸν
326 1585 477 1677 ἀριθμὸν
507 1587 624 1676 ἥντινά
652 1615 685 1658 τε
715 1591 815 1658 θέσιν
844 1595 957 1676 έχουσι
985 1589 1041 1657 καὶ
1071 1597 1206 1678 πηλίκοι
1234 1589 1271 1660 τὸ

13 1734 15 1742 2
97 1698 251 1782 μέγεθος
277 1695 466 1784 ὑπάρχουσι
495 1701 500 1786 t
534 1699 590 1765 καὶ
615 1705 689 1766 τίνα
718 1701 871 1785 ὸέχονται
899 1699 1001 1782 νεῦρα
1024 1698 1078 1766 καὶ
1103 1697 1192 1766 πόσα
1215 1699 1339 1772 auteur

13 1807 14 1810 ’
98 1811 226 1888 πηλίκα
253 1807 309 1874 καὶ
334 1803 417 1873 κατὰ
441 1811 476 1873 τί
492 1805 633 1893 μάλιστα
657 1807 757 1894 μέρος
781 1807 813 1886 έξ
834 1804 1022 1892 ἐγκεφάλου
1040 1805 1273 1892 βλαστάνοντα

13 1899 15 1925 t
100 1917 148 1989 τίς
170 1939 207 2010 τε
235 1928 310 1993 τοῖς
332 1911 398 1982 ὑπὸ
423 1909 538 1982 αῦτεῦν
559 1916 772 2002 κινουμένοις
795 1909 955 1999 ὀργάνοις
977 1911 1100 1998 τρόπος
1123 1914 1192 1982 sort
1214 1917 1274 2002 τῆς

100 2019 281 2106 κινήσεως.
336 2019 401 2108 έγὼ
435 2020 472 2089 dt
502 2023 556 2089 aecci
590 2021 742 2106 πρόσθεν
775 2019 886 2106 εἶπον,
919 2018 965 2102 ὠς
996 2021 1156 2103 πολλάκις
1189 2019 1312 2112 rinion*

103 2131 170 2192 τῶν
193 2125 315 2198 adeda
338 2129 483 2218 γράφειν
505 2127 568 2199 οῦκ
591 2132 733 2252 duuiani,
762 2125 861 2214 άλλά,
885 2137 977 2216 είπερ
1001 2127 1108 2209 ὅντως
1131 2129 1204 2198 έστί
1223 2156 1273 2210 τις

138 2349 490 2424 annominavero
514 2355 593 2426 μυιῦν
615 2351 712 2410 έκείνα
732 2353 761 2408 Μ
784 2355 864 2425 μνῶν
884 2325 1109 2410 έκέίνωνΑ.-
1132 2360 1150 2410 4
1176 2353 1271 2412 διαλέ-

13 2433 14 2448 ’
105 2443 171 2480 ιτοο
191 2431 243 2482 aut
265 2425 347 2484 0.-
377 2427 594 2496 διεμνομέιων
618 2427 646 2482 M
654 2427 752 2482 tucn
772 2425 948 2498 τεμνομένου
967 2425 1085 2480 CK-
1112 2433 1143 2480 11
1169 2419 1271 2484 irasc

64 2497 71 2513 ¹
107 2491 255 2628 ιμ’σξομ
209 2501 338 2558 ΗΜ
370 2507 403 2556 ¹3
423 2481 618 2568 βλαστάνοντα
645 2499 699 2554 CM
724 2481 930 2572 βλαστάνάνται
952 2495 1100 2564 nBchK;
1129 2498 1164 2554 ci.
1184 2499 1270 2554 Pron.

109 2777 262 2869 deinceps
303 2781 475 2869 proprium
517 2783 607 2849 uocis
649 2781 905 2847 instrumentum
947 2779 1010 2846 tibi
1051 2779 1272 2866 ostendemuS,

109 2885 279 2973 terranem
309 2902 341 2956 et
376 2891 430 2976 qui
461 2913 532 2956 eum
568 2895 702 2956 movent
732 2888 910 2972 musculos,
944 2893 1014 2953 turn
1048 2889 1270 2955 musculorum

108 3015 241 3082 nervos,
264 2999 320 3086 qui
345 3021 364 3062 a
388 2999 521 3065 cerebro
545 2997 758 3082 descendunt,
787 3004 857 3064 turn
881 2996 1044 3082 linguam,
1070 2993 1158 3080 quod
1182 2993 1272 3060 alind

111 3121 172 3170 uon
197 3107 287 3174 vocis
311 3104 393 3172 illud
417 3107 561 3192 quidem,
585 3107 641 3172 sed
665 3105 814 3192 loquelae
841 3104 894 3170 vel
922 3101 1099 3170 locutionis
1130 3097 1270 3188 (utrovis

112 3212 205 3280 modo
238 3213 385 3302 appelles
421 3211 513 3301 lieet)
546 3215 799 3280 instrumentum
833 3217 895 3298 est,
926 3209 1092 3278 musculos
1122 3209 1202 3276 item
1238 3213 1272 3276 et

114 3339 228 3388 nenos
264 3347 281 3389 a
314 3320 447 3390 cerebro
481 3343 519 3388 eo
556 3321 789 3408 pertingentes.
848 3321 954 3406 Atque
987 3317 1137 3404 pluribus
1170 3317 1270 3384 etiam

17 3482 18 3485 ,
112 3425 309 3498 animalibus
328 3430 535 3516 praeparatis
555 3429 773 3512 ostendamur,
797 3427 988 3513 utquisque
1007 3447 1191 3509 nervorum,
1214 3425 1269 3510 qni

113 3553 128 3592 τ
156 3539 289 3606 cerebro
317 3543 468 3621 manant,
495 3537 708 3623 praeciditur,
732 3537 857 3619 officia,
884 3557 966 3621 quae
995 3533 1270 3619 supradiximus,

114 3639 256 3714 nundin
281 3647 347 3712 alio
371 3645 518 3712 desinere
548 3649 646 3730 atque
670 3645 813 3710 interire.
862 3645 909 3708 At
939 3639 1102 3708 desideret
1127 3641 1269 3707 fortasse

114 3751 274 3840 quispiam
308 3753 433 3838 audire,
465 3754 629 3840 quodnam
663 3753 706 3816 sit
740 3751 910 3837 proprium
948 3749 1104 3834 cuiusque
1136 3747 1268 3814 illorum

116 3855 293 3930 officiorum
326 3861 580 3928 instrumentum
614 3860 732 3946 quique
766 3860 833 3924 sint
866 3857 1024 3938 musculi,
1057 3856 1113 3940 qni
1141 3858 1268 3922 motum

115 3977 290 4051 praestent,
323 3973 467 4056 quotque
501 3991 638 4035 numero
666 3989 771 4052 quoue
801 3967 866 4032 situ
899 3965 1052 4051 dispositi
1085 3963 1137 4028 rel
1169 3983 1267 4049 quam

117 4081 230 4164 magni,
253 4101 335 4167 quos
360 4077 458 4142 iidem
481 4097 599 4142 nervos
624 4076 805 4160 excipiant,
833 4079 913 4160 quot
935 4077 1140 4160 quantosque
1163 4093 1268 4156 quave

116 4197 149 4244 tx
172 4193 266 4269 parte
291 4209 311 4250 u
330 4185 463 4250 cerebro
483 4185 715 4270 germinantes,
739 4184 811 4268 quis
835 4181 973 4268 denique
994 4181 1038 4246 sit
1061 4179 1177 4246 modus
1200 4199 1268 4244 mo·

118 4285 208 4359 tionis
232 4293 474 4376 instrumentis,
506 4313 590 4378 quae
617 4291 726 4358 uernis
755 4297 936 4357 morentur.
986 4287 1059 4374 Ego
1093 4307 1171 4351 vero
1199 4285 1266 4350 iam

118 4419 206 4482 ιιιρτιι
238 4401 305 4468 dixi
334 4423 406 4466 earu
440 4399 602 4466 scribendi
635 4399 797 4464 rationem
831 4397 910 4462 mitri
944 4418 1011 4463 non
1044 4393 1194 4480 probari,
1230 4395 1267 4456 ut

997 4499 1049 4554 aa·
