2980 5020
677 325 921 391 -824—

216 479 322 550 αὐτοῦ
344 489 500 570 γίνεσθαι
534 483 595 570 τὴν
619 487 762 570 γνῶσιν,
795 481 883 552 ὅπου
915 509 950 568 γε
975 484 1029 552 καί
1060 485 1128 551 τῶν
1151 499 1223 564 ταῖς
1257 485 1382 572 αἰσθά-

215 610 287 657 σεσι
321 593 641 678 διαγινωσκομένωυ
675 588 692 678 ip
732 594 857 678 γνῶσις
879 589 1096 678 ἀκριβεστέρα
1130 607 1200 673 τοῖς
1228 598 1383 680 συνεχῶς

217 695 301 766 atta
343 699 530 786 θεωμένοις
571 705 714 786 γίνεται,
756 699 909 782 καθάπερ
952 701 1002 768 έπὶ
1045 703 1180 769 πολλῶν
1222 702 1383 788 διδόμων

217 811 371 892 φαίνεται
401 805 598 874 δοκούντων
627 821 697 886 τοῖς
724 804 787 894 μὲν
814 804 960 894 ἀήθεσιν
987 803 1253 892 ἀπαραλλάκτων
1276 807 1382 879 εἶναι.

189 927 287 992 Mota
314 911 352 981 δὲ
380 914 542 1000 συνήθεσι
573 913 628 981 καί
657 916 749 982 πτίνυ
777 916 903 1002 ῥᾳδίως
937 917 1214 1002 διακρινομένων.
1264 913 1381 1002 ὥσπερ

217 1019 253 1088 δὲ
287 1021 340 1088 ἐπὶ
367 1025 437 1089 τῶν
469 1019 667 1108 ἀξιωμάτων
695 1027 733 1089 αι’
763 1019 956 1110 ὁμοιότητες
987 1019 1117 1101 πλάνας
1145 1025 1198 1090 καί
1230 1029 1268 1091 ul
1297 1022 1382 1093 ἀνο-

216 1127 389 1217 μοιότητες
429 1129 612 1217 παρέχουσι
654 1145 724 1210 τοῖς
765 1127 992 1218 ἀγυμνάστοις
1032 1155 1067 1198 τε
1100 1130 1155 1197 καὶ
1189 1127 1381 1216 άσκέπτοις,

218 1235 305 1305 οὕτω
338 1238 393 1305 καὶ
422 1238 497 1325 περὶ
526 1239 595 1306 τῶν
627 1239 840 1325 ζητουμένων
872 1239 1077 1326 πραγμάτων
1109 1233 1217 1326 ἀπάτη
1247 1247 1377 1326 γίνεται

214 1345 372 1424 πολλάκις
395 1341 457 1432 οὐχ
482 1342 597 1432 ἥκιστα
627 1345 682 1412 καί
712 1343 768 1412 διὰ
796 1345 855 1424 τὰς
888 1342 1083 1432 ὁμωνυμίας
1112 1349 1224 1426 διττάς
1257 1345 1377 1428 οὔσας,

175 1473 200 1512 1⁰
216 1451 328 1540 ἑτέρας
355 1451 418 1540 μὲν
455 1453 491 1520 εἰι
513 1455 575 1522 τοῦ
611 1455 680 1522 τῶν
713 1449 935 1540 ὁμογλώττων
972 1459 1091 1538 ἑθους,
1129 1453 1241 1540 ἑτέρας
1273 1454 1309 1522 δὲ
1341 1457 1379 1538 ἐξ

215 1557 321 1630 αὐτοῦ
344 1565 406 1630 τοῦ
429 1565 497 1629 τῶν
520 1561 717 1629 διαλέκτων·
742 1557 853 1648 ὥσπερ
876 1555 986 1648 ἀμέλει
1013 1562 1067 1628 καί
1091 1561 1165 1648 περὶ
1195 1563 1265 1630 τῶν
1287 1567 1375 1630 κατὰ

214 1667 278 1756 τὴν
301 1667 412 1756 ψυχὴν
435 1671 547 1756 μεριὸν
572 1665 590 1756 ip
616 1667 747 1755 ζήτησις
771 1669 911 1754 γέγονεν
939 1665 1201 1749 ἀποδεικνύντος
1223 1669 1287 1757 μὲν
1310 1675 1377 1740 τοῦ

215 1775 400 1857 Πλάτωνος
430 1775 475 1866 μέγ
510 1775 681 1844 δύνασθαι
714 1773 751 1844 τὸ
784 1773 908 1844 ταύτὸν
940 1773 1100 1845 τάναντιά
1128 1793 1239 1846 ποιεῖν
1272 1775 1377 1866 ἧπά-

215 1905 309 1972 σχειν
335 1883 418 1953 κατὰ
446 1879 570 1952 ταύτόν
602 1909 636 1950 τε
664 1884 719 1951 καί
748 1883 832 1970 πρὸς
863 1879 1000 1952 ταύτόν·
1035 1885 1072 1951 έν
1104 1883 1169 1972 γὰρ
1201 1901 1273 1966 τοῖς
1304 1889 1374 1956 ε’πι-

68 2009 104 2070 ,ἶ
175 2010 200 2050 1⁵
214 1993 413 2080 φερομένοις
453 1994 569 2080 σαφῶς
605 1987 686 2060 αὐτὸ
726 1994 825 2060 τοῦτο
859 1994 1002 2078 διῆλθεν
1037 1986 1212 2080 ὀνομάζων
1248 1992 1376 2062 τοτ’·τὸν

213 2099 250 2168 τὸ
283 2103 342 2186 τῆς
374 2103 482 2187 ψυχῆς
514 2098 603 2179 εἶδός
635 2125 669 2166 τε
702 2099 757 2166 καὶ
790 2099 903 2186 μέρος·
946 2104 1029 2169 ἔνιοι
1069 2100 1105 2168 δὲ
1143 2099 1180 2168 τὸ
1213 2098 1369 2173 taleae:

147 2207 265 2279 υοδέπί
300 2204 474 2294 δυνάμεως
515 2210 675 2294 εἰρῆσθαί
713 2228 834 2292 φασιν,
876 2203 921 2286 aie
943 2201 987 2274 ἀν
1019 2212 1050 2275 εί
1072 2199 1172 2288 οὗτος
1204 2207 1273 2278 εἶπε
1311 2209 1375 2298 τὴν

250 2418 569 2550 repraesentantis.
591 2453 623 2462 —
644 2417 867 2490 ἀπαραλλάκτως
881 2421 1022 2476 nauch.
1036 2453 1074 2464 -
1094 2429 1127 2477 10
1147 2419 1179 2478 έιι
1200 2425 1255 2478 τῶν
1273 2421 1370 2493 &aaa

214 2495 302 2550 MAB
330 2495 358 2550 b.
377 2526 414 2537 —
433 2491 462 2561 έξ
483 2489 577 2548 αότών
593 2495 648 2548 τῶν
667 2498 739 2548 dial.
756 2495 837 2549 Corn.
852 2523 888 2534 --
909 2501 940 2548 13
960 2489 1065 2548 τιιότὸν
1081 2495 1109 2549 M
1129 2491 1217 2550 ταότὸ
1232 2497 1370 2552 ABChK.

214 2597 248 2608 —
274 2575 306 2623 1⁶
326 2562 417 2622 αότοῦ
439 2567 573 2622 nauch
597 2561 686 2622 αὐτὸς
704 2567 785 2621 Corn.
807 2597 837 2606 -
868 2572 899 2621 1:
921 2561 959 2628 ὡς
978 2567 1026 2620 καί
1045 2557 1129 2630 οὗτος
1148 2568 1229 2622 codd.
1248 2569 1311 2624 edd
1334 2567 1374 2632 ὡς

213 2639 262 2694 καί
281 2632 374 2702 οότως
392 2637 474 2694 Corn.
494 2632 532 2701 ἀς
550 2631 586 2692 ἀν
607 2635 634 2692 εί
651 2631 735 2701 οὗτος
755 2657 813 2694 nos.
835 2669 865 2678 -
888 2635 948 2692 εἶπε
969 2638 998 2692 M
1018 2635 1099 2694 aim
1118 2639 1258 2696 auehit
1278 2671 1312 2682 -·

213 2859 416 2946 frequentius
451 2856 703 2943 contemplatur,
741 2858 880 2924 certiore
914 2857 1100 2944 cognitione
1133 2859 1288 2944 percipit,
1326 2860 1369 2925 si·

214 2971 269 3033 eut
292 2967 326 3032 iu
354 2966 493 3052 geminis
518 2989 578 3030 usu
598 2966 699 3046 veuit,
723 2965 777 3050 qui
802 2964 884 3030 nihil
908 2963 1028 3030 diversi
1051 2965 1202 3032 sidentur
1225 2969 1371 3036 insuetis.

214 3097 233 3139 a
266 3073 483 3140 familiaribus
520 3079 631 3138 autem
664 3072 714 3136 sel
753 3073 927 3138 admodum
964 3073 1061 3139 facile
1098 3073 1370 3140 internoscantur.

215 3179 494 3259 Quemadmodum
524 3185 632 3246 autem
665 3182 953 3265 pronuntiatorum
986 3180 1217 3247 similitudines
1247 3187 1278 3246 et
1305 3181 1368 3246 dis·

214 3289 444 3356 similitudines
473 3289 693 3354 inexercitatis
726 3289 843 3374 quique
875 3287 960 3354 nihil
988 3289 1290 3370 consideraverunt,
1322 3309 1370 3352 er·

214 3418 303 3462 rores
327 3398 479 3476 afferunt,
508 3399 555 3462 ita
579 3397 613 3462 iu
636 3395 747 3478 rebus,
775 3417 857 3481 quae
887 3395 919 3462 iu
948 3397 1174 3483 quaestionem
1203 3408 1369 3465 vocantur.

214 3525 445 3589 saepenumero
471 3505 559 3570 fraus
583 3503 742 3590 quaedam
766 3505 939 3590 praecipue
964 3526 1002 3570 ex
1027 3503 1238 3588 homonymis
1257 3505 1369 3584 oritur,

213 3633 352 3697 quorum
380 3633 481 3698 genus
511 3613 630 3698 duplex
659 3617 721 3696 est,
749 3634 865 3696 uuum,
893 3613 980 3698 quod
1008 3635 1047 3678 ex
1075 3613 1259 3678 commentis
1286 3609 1368 3676 eius-

213 3718 350 3804 demque
398 3719 543 3807 liuguae,
586 3721 739 3804 alterum,
790 3719 876 3805 quod
917 3743 956 3784 ex
992 3719 1126 3804 propria
1164 3719 1367 3806 siugulamm

213 3827 426 3894 dialectorum
450 3829 681 3894 cousuetudine
706 3828 933 3912 proficiscitur.
980 3825 1079 3893 Velut
1107 3827 1146 3893 de
1171 3829 1272 3894 animi
1295 3847 1367 3910 par·

213 3935 301 4001 tibus
326 3935 474 4020 quaestio
500 3935 651 4000 instituta
676 3943 725 4000 est
750 3936 941 4002 osteudeute
965 3935 1097 4021 quidem
1122 3935 1258 4000 Platone
1281 3933 1366 3999 idem

212 4065 278 4109 uon
307 4065 402 4127 posse
432 4045 597 4109 contraria
620 4043 671 4108 vel
701 4047 807 4108 t'aeere
837 4044 887 4108 vel
918 4043 987 4128 pati
1017 4043 1192 4108 secuudum
1222 4041 1304 4108 idem
1331 4050 1365 4104 et

213 4149 254 4216 ad
277 4149 373 4232 idem,
397 4151 482 4234 quod
502 4151 610 4236 ipsum
631 4151 665 4216 in
685 4151 894 4236 sequentibus
914 4151 1088 4216 manifesto
1108 4157 1295 4234 persecutus
1314 4155 1366 4212 est

213 4257 298 4324 idem
322 4258 492 4344 appellans
517 4259 617 4324 animi
642 4259 784 4343 speeiem
804 4267 836 4324 et
860 4265 999 4344 partem,
1023 4257 1171 4326 nonnulli
1197 4267 1301 4324 autem
1323 4255 1364 4320 de

213 4363 368 4430 facultate
387 4365 474 4432 idem
493 4367 615 4432 dictum
635 4389 704 4432 esse
725 4369 909 4452 affirmant,
928 4367 1021 4454 quasi
1042 4367 1137 4433 Plato
1157 4368 1205 4434 ita
1224 4367 1365 4444 dixisset,
