2942 5008
694 311 918 377 ..16-

227 479 280 542 est
301 468 323 560 ἢ
344 475 405 559 τῆς
426 471 555 560 ῥάχεως
576 467 640 556 ἇκρ
662 473 839 556 γεννᾶται,
867 472 916 537 ita
938 477 1064 556 tamen,
1091 477 1130 538 nt
1157 473 1246 538 inter
1271 467 1342 558 ἔαρ
1379 481 1430 538 et

227 583 385 668 γεννᾶται
410 583 555 668 spatium
578 580 826 666 quatuordeeim
849 579 918 645 iere
947 581 1134 646 litterarum
1163 581 1311 647 relietum
1345 584 1428 654 sit,

227 713 303 760 cum
325 694 361 758 in
383 689 554 756 Marciano
577 699 747 754 exaratum
771 690 816 753 sit
840 683 860 773 ἡ
883 689 944 772 τῆς
966 685 1094 772 ῥάχεως
1111 684 1220 771 ἄκρον
1242 687 1295 758 καὶ
1316 713 1426 774 γεν-

227 799 336 866 νᾶται.
368 799 480 864 Facile
503 803 614 862 antem
632 797 839 882 intellegitur
862 795 942 860 illnd
966 800 1026 861 και·
1046 820 1066 860 a
1089 797 1228 862 librario
1251 799 1422 890 quodam

227 907 270 974 ad
292 907 445 973 lacunam
468 905 662 990 explendam
684 905 796 990 inepte
820 905 981 969 insertum
1004 901 1132 989 esse³¹).
1175 902 1322 992 Denique
1355 907 1420 971 irr-

227 1014 486 1082 numerabilibus
509 1013 591 1080 loeis
610 1012 768 1078 lectiones
789 1011 928 1077 Aldinae
947 1017 980 1076 et
997 1011 1160 1076 Marciani
1180 1013 1250 1077 sive
1268 1015 1420 1098 probae

228 1124 299 1190 sive
321 1145 443 1208 pravae
466 1121 685 1187 consentiunt
720 1119 773 1186 Ex
795 1142 860 1186 uno
884 1121 988 1206 igitur
1006 1117 1186 1205 eodemque
1201 1119 1291 1186 fonte
1308 1121 1417 1187 deri-

228 1235 348 1298 vantur
369 1252 430 1296 nee
457 1235 569 1294 tamen
596 1251 731 1314 prorsus
760 1227 847 1292 inter
874 1250 909 1292 se
937 1228 1061 1293 similes
1087 1233 1178 1312 sunt3
1206 1251 1283 1294 nam
1306 1253 1418 1295 wm-

228 1339 400 1426 paratione
419 1337 572 1402 instituta
589 1337 733 1420 reperies
753 1335 908 1400 Aldinam
927 1333 1095 1401 Mareimro
1114 1335 1215 1401 modo
1239 1337 1412 1402 meliores

229 1447 326 1514 modo
349 1445 527 1511 deteriores
556 1445 711 1528 praebere
735 1443 902 1508 lectiones,
948 1445 997 1508 Ac
1024 1443 1151 1508 duabus
1181 1445 1413 1528 potissimum

228 1556 326 1621 rebus
350 1551 572 1639 praestantior
599 1533 664 1633 est,
692 1573 770 1634 nna,
797 1551 884 1636 qnod
912 1551 1053 1615 rariores
1080 1573 1178 1636 (priam
1204 1551 1410 1618 Marcianos

228 1662 363 1727 lacunas
386 1659 501 1744 lrabet3
529 1681 607 1723 nam
631 1659 665 1724 in
687 1658 750 1724 hoe
779 1659 852 1742 plns
879 1659 1050 1742 sexaginta
1073 1657 1355 1742 deprehendimus
1389 1687 1412 1724 a

228 1769 364 1834 librario
382 1778 528 1839 notatas,
546 1765 581 1830 in
599 1766 671 1846 illa,
690 1771 726 1830 nt
746 1766 843 1830 inodo
862 1767 1018 1842 diximus,
1036 1771 1103 1830 fere
1123 1767 1257 1851 viginti:
1277 1767 1410 1834 altera.

228 1875 314 1963 quod
337 1875 427 1943 illins
449 1875 692 1966 neglegentiae,
719 1897 783 1958 qna
813 1874 967 1938 librarius
995 1873 1117 1938 codicis
1145 1872 1181 1938 M
1209 1873 1260 1937 rel
1290 1877 1406 1940 etiam

228 1984 370 2051 fortasse
394 1980 589 2064 exemplaris
613 1979 689 2045 hnic
714 1983 875 2065 propositi
896 1982 1065 2046 voenlrnlis
1089 1980 1208 2045 iisdem
1231 1982 1284 2046 rel
1309 1983 1408 2046 eins-

227 2091 302 2156 dem
326 2090 432 2156 exitus
457 2087 547 2152 brevi
571 2088 745 2153 intervallo
770 2113 789 2153 a
812 2089 972 2174 scriptore
994 2089 1143 2173 repetitis
1167 2089 1327 2174 deceptus
1356 2086 1405 2155 ad

229 2198 332 2264 alium
350 2199 466 2281 στίχον
485 2197 532 2260 ita
552 2195 731 2279 aberravit,
750 2202 786 2260 nt
804 2197 976 2262 interiecta
995 2197 1094 2260 verba
1109 2197 1294 2278 omitteret,
1314 2221 1406 2282 pnn-

229 2307 276 2371 cis
298 2305 381 2372 loeis
401 2304 545 2388 exeeptis
565 2325 699 2386 prorsns
719 2325 835 2387 expers
854 2311 919 2372 est.
942 2304 1064 2388 qnippe
1087 2327 1170 2388 quae
1194 2305 1297 2368 talem
1319 2329 1404 2370 oen-

228 2412 336 2478 lornm
363 2411 511 2476 fraudem
538 2409 591 2474 his
619 2415 750 2474 tantum
778 2410 860 2476 loeis
889 2410 1073 2474 admiserit:
1104 2433 1135 2496 p.
1159 2411 1222 2475 2⁴1
1253 2411 1284 2476 li
1315 2419 1401 2497 post

228 2521 314 2604 init,
336 2541 400 2605 qno
424 2517 463 2582 de
486 2517 559 2584 loeo
582 2517 617 2582 in
641 2523 772 2591 «ruant.
797 2518 877 2582 l'rit.
897 2515 989 2602 Spee.
1008 2518 1103 2601 prim
1126 2540 1156 2602 p.
1175 2519 1215 2582 16
1239 2519 1308 2583 iam
1329 2518 1401 2584 ‹lis-

229 2627 404 2708 seruimus,
428 2649 458 2711 p.
477 2625 543 2690 500
563 2640 638 2708 post
658 2623 709 2707 in,
735 2625 790 2689 nbi
809 2625 964 2710 legimns:
987 2625 1151 2710 λογισμοῦ
1170 2617 1202 2688 d’
1220 2626 1307 2690 ἔνιοι
1329 2623 1401 2710 μὲν

228 2737 341 2820 ἔμοιγε
370 2733 532 2798 δοκοῦσιν
560 2724 747 2796 οὐὸέαοτε.
794 2731 848 2796 ναὶ
877 2727 923 2816 μὰ
953 2725 1025 2814 Δί’,
1055 2720 1096 2816 ἦν
1124 2725 1155 2796 d'
1182 2727 1263 2814 ἐγώ,
1291 2756 1398 2818 quern

228 2841 337 2908 locum
360 2865 378 2906 e
400 2839 549 2905 Platonis
573 2839 611 2902 de
635 2863 702 2922 rep.
725 2839 745 2902 l.
769 2838 817 2903 ll'
841 2863 871 2924 p.
894 2841 958 2904 441
979 2839 1007 2904 B
1032 2841 1230 2924 exscriptum
1255 2841 1399 2906 t'lrnrte-

228 2949 298 3014 rins
321 2947 452 3013 demum
476 2947 522 3012 sie
548 2947 708 3012 restituit:
733 2983 775 2994 -
800 2941 959 3012 οὗὸεἱτοτε
983 2941 1266 3031 μεταλαμβάνειν,
1294 2949 1334 3014 or‘
1355 2945 1395 3014 δὲ

151 3061 155 3067 ’
228 3053 346 3120 πολλοὶ
371 3049 437 3127 ὀνέ
457 3078 558 3120 ποτε.
583 3051 637 3118 ναὶ
662 3077 690 3119 κ.
713 3079 740 3119 τ.
764 3059 807 3123 λ..
832 3078 861 3138 p.
885 3055 952 3120 510
975 3054 1067 3125 nied..
1091 3057 1147 3120 nbi
1171 3055 1215 3119 A:
1244 3053 1396 3140 ε’ροθρό·

228 3186 330 3228 τατον
353 3158 415 3248 μὲν
439 3158 503 3246 γάρ
523 3159 613 3226 ε’στιν
636 3159 695 3248 (se.
714 3157 751 3227 τὸ
776 3163 838 3227 τοῦ
859 3157 981 3244 ἥπατος
1004 3164 1096 3227 ι’ὰιον
1114 3163 1223 3247 σῶμαθ
1246 3157 1332 3229 ὥστε
1353 3165 1393 3230 τὸ

228 3261 311 3356 αἷμα
334 3267 387 3334 καὶ
413 3270 458 3358 τῷ
482 3270 648 3353 ,τεαῆχθαι
675 3267 785 3354 μόνον
814 3263 877 3334 ὑπὸ
906 3269 967 3333 τοῦ
995 3268 1207 3355 περιέχοντος
1230 3275 1392 3354 γίγνεται,

228 3373 442 3462 σβεννύουσα
465 3375 527 3462 μὶν
551 3376 584 3455 ἐξ
604 3369 709 3441 αὑτοῦ
733 3371 795 3460 ripn
814 3372 1020 3462 θερμότητα,
1044 3381 1249 3462 μελαίνουσα
1274 3375 1311 3442 dl
1332 3376 1391 3444 ὁιὰ

228 3479 291 3570 τὴν
314 3481 424 3564 νύξιν.
469 3478 531 3568 οὐχ
555 3479 663 3560 οὕτως
686 3483 738 3548 καὶ
764 3481 847 3549 κατὰ
875 3481 912 3550 τὸ
945 3475 1048 3569 ἧπαρ,
1075 3479 1148 3551 ἀλλ’
1177 3479 1240 3551 irad
1270 3509 1306 3568 γε
1330 3487 1391 3573 τῆς

228 3589 380 3678 ἐμφύτου
407 3595 594 3677 θερμασίας
620 3589 812 3676 κοσμούσης
843 3585 924 3658 αὐτὸ
954 3594 1086 3676 μᾶλλον
1115 3585 1133 3676 ii
1165 3589 1390 3679 φθειρούσης.

228 3723 293 3785 qno
316 3700 389 3766 loeo
414 3712 508 3764 acute
532 3701 614 3766 sidit
633 3697 825 3765 Charterins
849 3701 935 3765 inter
953 3695 1062 3784 μόνον
1080 3705 1114 3765 et
1134 3693 1198 3765 ὑπὸ
1217 3701 1279 3766 τοῦ
1296 3723 1388 3784 περι-

228 3805 364 3892 έχοντος
386 3809 480 3893 plnra
505 3809 605 3873 verba
629 3807 833 3872 intercidisse
857 3809 1087 3893 supplevitqne
1111 3810 1173 3874 ita:
1196 3803 1305 3892 μόνον
1328 3805 1387 3874 αὐ-

227 3913 290 3980 τοῦ
312 3913 490 4000 διαφέρον·
515 3911 672 4002 θρόμβον
694 3913 757 4000 μὲν
781 3911 844 3998 γὰρ
870 3909 887 4000 ip
912 3915 1008 4000 πῆξις
1031 3909 1096 3980 ὑπὸ
1120 3915 1181 3982 τοῦ
1203 3937 1236 3980 π.
1259 3939 1287 3980 κ.
1305 3941 1333 3982 τ.
1348 3923 1386 3985 λ..

229 4021 281 4086 cui
305 4022 354 4087 ita
377 4024 588 4108 assentimur,
616 4031 652 4090 nt
677 4048 736 4110 pro
760 4018 843 4090 ὥστε
868 4020 978 4108 ὥσπερ
1002 4036 1034 4088 et
1059 4046 1119 4110 pro
1143 4019 1302 4108 θρόμβον
1323 4022 1386 4111 μὲν

301 4269 335 4340 ⁸⁸)
354 4269 395 4326 Cl.
416 4271 501 4342 poulo
516 4271 600 4337 infra,
620 4271 667 4326 nbi
688 4272 769 4343 plura
787 4272 821 4328 de
836 4273 889 4329 hoc
904 4273 980 4340 loco,
998 4273 1047 4344 qni
1064 4273 1092 4328 in
1107 4271 1150 4328 ed.
1166 4273 1199 4330 Κ.
1213 4291 1240 4344 p.
1256 4277 1307 4330 m
1323 4281 1382 4345 post

227 4359 302 4418 med.
319 4361 470 4432 reperitur,
489 4361 673 4432 disputamus.
