3022 5038
680 243 927 310 ..522-

218 401 476 492 προνοούμενον
502 400 582 490 ὕλης
612 403 809 489 ἐπιτηδείου
829 401 914 488 πρὸς
940 403 1066 488 θρέψιν
1094 400 1216 471 ἅπαντι
1244 407 1291 496 τῷ
1318 403 1378 473 σοι’-

218 539 296 598 ματι
320 514 420 580 τοῦτο
444 509 589 596 εὔλογον
612 506 719 596 ἀρχὴν
748 507 835 578 εἶναι
864 513 923 597 τῆς
948 513 1126 599 &partiaria
1148 537 1183 578 τε
1206 514 1262 580 καὶ
1286 539 1378 598 φυτι-

217 623 279 706 κῆς
297 617 483 706 δυνάμεως,
506 615 628 703 ὥσπερ,
648 615 752 704 οἶμαι,
777 615 841 686 κάν
859 632 929 696 τοῖς
947 633 1067 704 φυτοῖς
1085 617 1193 688 έκεῖνο
1213 619 1251 688 τὸ
1270 621 1379 708 μέρος,

218 725 237 796 ii
262 729 399 815 ῥέζουσιν
422 728 616 812 ἐκαλοῦμεν.
665 725 750 794 ἕλκει
783 751 817 794 τε
849 725 913 812 γὰρ
937 721 990 812 ἐφ’
1022 725 1120 795 ἑαυτὸ
1151 725 1208 794 aa
1232 729 1380 816 παμπόλ-

190 843 290 904 5λων
313 837 414 922 ῥιζῶν
437 835 473 902 έκ
495 837 553 920 τῆς
576 836 637 920 γῆς
659 833 722 920 τὴν
746 831 878 921 τροφὴν
902 835 1073 922 ἐπιπέμπει
1097 861 1131 902 re
1155 861 1379 924 προκατεργα-

218 941 367 1031 στίμενον
397 939 518 1010 ἅπαντι
551 943 596 1032 τῷ
630 944 724 1032 φυτῷ
756 939 812 1008 διὰ
842 945 904 1010 τοῦ
938 943 1119 1028 στελέχους.
1171 946 1203 1010 ei
1232 941 1298 1032 γὰρ
1326 947 1380 1014 καὶ

216 1048 340 1138 ταύτης
356 1053 415 1137 τῆς
434 1045 620 1134 δυνάμεως.
644 1043 756 1134 ὥσπερ
776 1049 829 1115 καὶ
851 1053 909 1135 τῆς
928 1053 1128 1136 σρυγμικης,
1147 1046 1258 1138 ἀρχὴν
1278 1053 1380 1140 {tnuri-

217 1166 307 1246 μεθα
331 1157 393 1246 τὴν
417 1159 575 1243 καρδίαν,
599 1155 635 1222 ἐκ
657 1159 719 1223 τοῦ
743 1141 899 1240 περιττοῦ
921 1155 959 1224 τὸ
987 1147 1072 1244 ἧπαρ
1099 1153 1116 1244 ἡ
1140 1157 1249 1244 μηόέν
1271 1157 1382 1247 μάτην

218 1263 420 1353 ἐργαζομένη
444 1263 547 1350 φύσις
571 1265 740 1350 ἐποίησεν·
768 1255 808 1351 ἦν
832 1261 895 1350 γὰρ
915 1263 1026 1351 δήπου
1048 1263 1131 1333 κατὰ
1150 1263 1214 1353 τὴν
1235 1271 1381 1350 ααρὸιάν

179 1395 205 1434 ιο
218 1375 445 1460 αἱματοῦσθαι
469 1369 533 1459 τὴν
555 1369 697 1459 τροφήν.
743 1367 827 1439 ἄλλα
855 1368 902 1451 ὡς
924 1376 973 1451 εἰς
998 1373 1082 1459 μέγα
1105 1371 1143 1442 τὸ
1173 1379 1276 1460 ἔργον
1305 1369 1381 1445 οἷον

150 1495 207 1555 584
219 1477 388 1567 ὑπηρέτην
419 1477 495 1548 τινὰ
526 1483 530 1566 Ι
560 1477 598 1549 τὸ
631 1471 716 1568 ἧπαρ
748 1477 765 1565 η
794 1478 897 1565 φύσις
927 1481 966 1566 ιη’
1000 1485 1121 1570 καρόίμ
1148 1481 1381 1570 παρεστήσατο

217 1587 583 1677 προπαρασκευάσοντα
602 1587 665 1674 τὴν
685 1585 770 1674 ὕλην
789 1583 885 1675 αὐτῇ.
904 1585 1057 1673 καθάπερ
1079 1584 1240 1678 ἡγαστὴρ
1255 1591 1382 1684 ἐκείνην.

215 1694 364 1775 πιθανὸς
386 1694 450 1784 μὲν
472 1692 490 1764 ὁ
516 1695 627 1780 λόγος,
651 1691 693 1762 οὐ
717 1693 786 1782 μὴν
809 1690 942 1780 ἀληθής
965 1721 1011 1780 γε.
1048 1703 1202 1782 φαίνεται
1229 1695 1293 1785 γὰρ
1318 1696 1382 1786 οὐχ

217 1800 263 1884 ὦς
285 1801 451 1891 ὑπηρέτης
471 1800 647 1892 ἡγουμένῳ
666 1801 994 1886 προπτιρασκενάζων
1018 1801 1208 1890 έπιτήόειον
1234 1803 1319 1892 ὕλην
1341 1805 1380 1876 τὸ

177 1933 202 1972 1³
220 1903 317 2000 ἧπαρ,
340 1908 425 1980 ἀλλὰ
449 1907 495 1990 ὡς
517 1907 619 1990 αὐτὸς
641 1907 659 1978 ὁ
685 1906 873 1997 ἡγούμενος
896 1910 1053 1990 ἐξουσίαν
1075 1916 1162 1999 ἔχων
1183 1917 1246 1980 τοῦ
1269 1917 1381 1982 διανέ-

217 2047 293 2109 μειν
323 2016 441 2107 αὐτήν.
467 2019 612 2106 Ιἐναργῆ
643 2017 678 2086 tt
709 2021 961 2102 παραδείγματα
989 2017 1072 2086 κατὰ
1101 2015 1182 2088 αὐτὸ
1207 2025 1268 2088 τοῦ
1294 2021 1383 2114 ζῴου

216 2127 254 2198 τὸ
285 2133 382 2218 σῶμα
413 2126 550 2214 πάρεστι
585 2123 789 2195 θεάσασθαι.
842 2123 952 2192 πάντα
985 2128 1086 2212 γοῦν,
1115 2123 1178 2196 ὅσα
1207 2155 1383 2218 προπαρα-

222 2259 434 2268 -——---

254 2305 384 2366 4ἒαυτῶ
404 2309 433 2364 M
458 2303 550 2380 ἑαυτῷ
570 2307 632 2362 AB.
652 2336 682 2348 -
711 2305 795 2374 ἰἰης
815 2299 904 2372 αὑτῆς
928 2304 1008 2360 codd.
1033 2304 1097 2360 edd.
1116 2301 1221 2376 ταύτης
1244 2309 1295 2378 τῆς
1319 2329 1381 2368 210⁸,

218 2411 252 2424 -
271 2390 289 2439 8
308 2381 459 2452 περιττοῦ
478 2381 515 2436 ll.
536 2411 568 2420 -
591 2385 624 2434 10
643 2371 705 2432 ἀλλ’
726 2375 754 2432 ei
771 2375 809 2440 ὡς
828 2375 870 2439 εἰς
889 2375 969 2432 Corn.
990 2409 1022 2418 -

136 2587 139 2594 ·
217 2567 290 2634 erit.
336 2565 428 2644 Quod
457 2562 544 2630 enim
572 2561 745 2626 materiam
775 2561 814 2626 ad
840 2560 1032 2656 alimentum
1059 2562 1122 2627 toti
1151 2567 1282 2649 corpori
1310 2565 1381 2634 ido-

216 2697 312 2743 neam
341 2675 511 2761 procurat,
538 2670 571 2735 id
604 2675 860 2736 consentaneum
890 2675 940 2734 est
968 2669 1096 2736 altricis
1120 2675 1153 2735 et
1182 2673 1381 2754 vegetabilis

216 2783 385 2850 facultatis
410 2801 481 2847 esse
506 2777 719 2862 principium,
743 2780 827 2843 sieut
857 2777 1010 2844 videlicet
1034 2779 1134 2844 etiam
1159 2779 1193 2844 in
1218 2781 1379 2864 stirpibus

219 2913 258 2956 ea
276 2912 354 2977 pars
373 2895 433 2974 est,
456 2909 554 2974 quam
573 2885 809 2952 radicatiouem
830 2886 1078 2972 appellavimus.
1115 2885 1267 2953 Attrahit
1291 2891 1379 2955 enim

147 2993 151 3002 ’
218 2997 259 3063 ad
289 3021 323 3063 se
351 3020 411 3084 per
440 3019 631 3062 numerosas
661 2993 809 3061 radicum
843 2995 941 3060 libras
973 3017 990 3058 e
1024 2999 1111 3060 terra
1141 2996 1379 3064 nutrimentum

218 3109 316 3192 atque
341 3105 546 3171 elaboratum
569 3127 627 3190 per
651 3103 799 3188 stipitem
823 3103 857 3168 in
881 3107 986 3168 totam
1011 3103 1147 3188 stirpem
1171 3105 1380 3172 transmittit.

216 3211 304 3280 Nam
328 3213 356 3278 si
380 3211 478 3278 huius
502 3211 671 3276 facultatis
697 3210 829 3294 perinde
858 3220 956 3297 atque
979 3210 1144 3295 pulsatilis
1174 3233 1230 3276 eor
1257 3211 1378 3296 princi-

217 3322 308 3408 pium
333 3343 403 3384 esse
427 3341 596 3405 ponemus,
620 3341 898 3404 superuacaneum
923 3317 1000 3384 feeit
1025 3319 1113 3384 ieeur
1136 3323 1266 3389 natura.
1295 3343 1379 3406 quae

216 3429 301 3494 nihil
324 3433 446 3494 temere
470 3431 634 3512 operatur,
657 3426 779 3512 quippe
804 3449 878 3492 eum
902 3427 936 3492 in
956 3425 1052 3491 earrle
1076 3425 1132 3492 illa
1158 3425 1222 3492 cibi
1246 3427 1281 3494 in
1304 3451 1379 3496 san·

217 3535 350 3624 guinem
379 3535 520 3630 mutatip
550 3535 620 3600 fieri
649 3539 769 3620 posset.
821 3534 881 3600 ‘Ar
915 3535 1005 3600 iecur
1032 3535 1072 3600 ad
1109 3556 1265 3621 magnum
1294 3558 1379 3622 opus

216 3641 311 3730 quasi
350 3642 501 3708 minister
542 3641 631 3707 cordi
670 3643 858 3708 adiunctum
898 3645 961 3726 est,
998 3664 1063 3727 quo
1101 3641 1274 3708 materiam
1311 3644 1378 3728 ipsi

217 3755 400 3836 praeparet,
423 3749 508 3814 sicut
530 3750 639 3834 ipsum
663 3773 682 3814 a
707 3757 819 3817 ventre
842 3755 1073 3836 praeparatam
1097 3747 1239 3834 accipit?
1287 3749 1379 3817 l'eri-

217 3857 337 3924 similis
365 3857 496 3944 quidem
525 3861 574 3922 est
606 3859 728 3928 oratio.
756 3881 820 3924 nou
850 3863 961 3924 tamen
986 3879 1070 3923 vera.
1119 3857 1266 3943 Apparet
1289 3859 1378 3928 enim

215 3987 282 4031 non
310 3969 479 4052 tamquam
504 3965 690 4030 ministrum
718 3966 851 4032 domiuo
878 3967 968 4031 ieeur
997 3965 1085 4031 eordi
1112 3966 1283 4032 materiam
1309 3969 1378 4036 ido·

216 4093 311 4138 neam
336 4095 542 4159 praeparare,
565 4073 620 4136 sed
641 4073 749 4157 ipsum
770 4097 840 4138 esse
864 4075 1056 4159 principem,
1080 4074 1135 4159 qui
1159 4073 1377 4144 distribuendi

216 4179 337 4246 habeat
366 4185 573 4266 potestatem.
626 4181 726 4246 t'uius
761 4183 807 4247 rei
840 4181 1017 4246 manifesta
1050 4181 1200 4266 exempla
1234 4183 1269 4248 in
1301 4183 1378 4270 ipso

217 4287 369 4354 animalia
398 4311 535 4376 corpore
564 4287 640 4354 lieet
670 4291 885 4356 considerare.
940 4288 1072 4372 Omnia,
1105 4309 1188 4375 quae
1220 4291 1379 4360 materias
