3024 5022
700 317 856 396 -αε
904 365 943 378 -

240 492 448 577 συμμετρίαν
483 483 573 556 εἶναί
596 484 728 578 soporo,
766 485 849 575 ἅπερ
882 486 925 576 δὴ
949 503 1106 576 στοιχεῖα
1143 489 1312 578 δηλονότι·
1335 493 1401 558 τῶν

240 593 406 686 σωμάτων
428 595 513 682 ἐστί,
535 595 573 666 τὸ
598 596 635 665 δὲ
658 594 780 675 κάλλος
803 592 865 664 οόκ
889 596 926 664 ἐν
948 599 988 686 τῇ
1012 600 1081 666 τόν
1103 604 1295 686 στοιχείων,
1319 594 1401 666 ἄλλα

241 705 279 774 ἐν
300 708 340 794 τῇ
363 707 433 773 τῶν
455 711 586 793 μορίων
608 709 793 794 συμμετρίᾳ
817 711 1042 774 συνίστασθαι
1066 713 1208 795 νομίζει,
1233 706 1401 775 δακτύλου

239 809 324 900 πρὸς
361 812 530 882 δάκτυλον
566 811 724 900 δηλονότι
762 811 817 880 καὶ
855 812 1060 902 συμπάντων
1097 811 1211 883 αὐτῶν
1248 814 1334 900 πρός
1362 839 1402 882 σε

213 935 227 977 ⁵
239 919 467 1010 μετακάραιον
489 919 544 988 καὶ
567 918 699 1008 καρπὸν
720 921 775 988 καλ
798 919 930 990 τούτων
952 920 1037 1009 πρὸς
1059 925 1170 1010 πῆχυν
1193 923 1249 990 καὶ
1273 921 1403 1011 πήχεως

240 1026 324 1116 πρὸς
355 1033 519 1116 βραχίονα
556 1027 610 1096 καί
649 1026 786 1097 πάντων
817 1028 902 1117 πρὸς
932 1027 1056 1112 πάντα,
1093 1030 1249 1118 καθάπερ
1286 1032 1325 1100 ἐν
1356 1034 1400 1122 τῷ

240 1143 472 1206 Πολυκλείτου
499 1133 619 1204 κανόνι
649 1136 839 1224 γέγραπται.
884 1135 992 1218 πόσας
1020 1136 1084 1224 γὰρ
1112 1137 1290 1220 ἐκδιδάξας
1319 1135 1403 1227 ἡμᾶς

241 1247 280 1313 ἐν
308 1246 423 1337 ἐκείνω
451 1247 496 1336 τῷ
526 1242 759 1332 συγγράμματι
786 1241 845 1324 τὰς
872 1251 1074 1333 συμμετρίας
1105 1249 1167 1314 τοῦ
1200 1244 1400 1334 σιόματοςδ

241 1352 467 1434 Πολύκλειτος
500 1357 586 1442 ἔργῳ
618 1349 679 1420 τὸν
710 1351 815 1437 λόγον
847 1353 1025 1438 ἐβεβαίωσε
1059 1353 1314 1442 δημιουργήσας
1345 1351 1401 1422 όν-

201 1475 228 1516 ¹⁰
243 1458 383 1549 δριόντα
407 1459 489 1530 κατα
508 1459 549 1529 τὰ
572 1462 634 1528 τοῦ
657 1458 762 1546 λόγου
780 1459 1017 1547 προστάγματα
1039 1461 1095 1530 καὶ
1117 1464 1261 1543 καλέσας
1284 1463 1327 1551 δὴ
1346 1464 1400 1532 καλ

240 1563 347 1637 αὐτὸν
372 1565 434 1638 τὸν
456 1564 659 1656 ἀνδριάντα,
687 1567 840 1654 καθάπερ
868 1570 922 1637 καλ
951 1567 988 1636 τὸ
1013 1567 1232 1658 σύγγραμμα,
1260 1571 1398 1640 κανόνα.

240 1671 277 1743 τὸ
301 1673 364 1762 μὲν
387 1673 429 1764 δὴ
453 1675 574 1757 κάλλος
596 1673 828 1764 τοῦσώματος
851 1677 890 1744 ἐν
910 1679 950 1765 τῇ
973 1679 1041 1744 τοῖν
1064 1684 1201 1765 μορίωνΙ
1215 1687 1399 1768 συμμετρίᾳ

240 1781 323 1850 κατὰ
346 1782 472 1864 πάντας
495 1783 631 1872 ἰατρούς
649 1803 692 1853 ’τε
720 1784 775 1852 καὶ
803 1782 1016 1872 φιλοσόφους
1038 1785 1145 1869 ε’στίν,
1174 1783 1194 1872 ἡ
1223 1787 1259 1854 δὲ
1290 1784 1398 1874 ὑγίεια

239 1894 308 1960 τῶν
331 1899 506 1980 στοιχείων
528 1883 573 1960 αὖ
596 1890 712 1976 πόλιν,
736 1889 817 1959 ἅττα
840 1890 918 1960 ποτὲ
943 1887 987 1959 δν
1010 1883 1043 1980 ᾗ,
1066 1889 1151 1980 πρὸς
1178 1891 1307 1982 ἄλληλά
1331 1895 1397 1962 ἐστι

200 2013 226 2054 1⁵
240 2006 434 2087 συμμετρία.
479 2009 542 2070 είτε
567 1999 631 2088 γὰρ
655 2001 688 2080 ἐξ
717 1997 828 2087 ὄγκων
851 1999 907 2068 καὶ
930 1999 1063 2086 πόρων,
1090 1996 1398 2090 τός”Ασκληιτιόδχς

240 2103 396 2178 ὑπέθετο.
419 2107 459 2177 τὰ
482 2113 551 2176 τῶν
575 2107 668 2200 ζῴων
691 2107 860 2196 σύγκειται
884 2106 1036 2195 στόματα,
1060 2115 1246 2198 συμμετρία
1269 2109 1398 2180 τούτων

171 2215 332 2320 λρδὲστλν
364 2212 385 2302 ἡ
418 2213 539 2303 ὑγίεια·
574 2217 579 2306 l
613 2227 677 2286 είτε
710 2217 743 2297 ἐξ
776 2211 927 2304 ἀτόμων,
959 2213 1004 2296 ὡς
1024 2213 1235 2305 Ἐπίκουρος,
1268 2227 1333 2288 elce
1365 2220 1397 2300 ἐξ

275 2437 292 2487 ὃ
311 2426 382 2503 μετὰ
401 2427 523 2500 κόρπιον
537 2433 575 2488 M.
595 2464 628 2474 -
651 2440 683 2488 10
701 2431 788 2488 verba
806 2431 872 2488 iude
891 2449 909 2486 ιι
926 2427 1000 2516 caric
1020 2428 1054 2488 τό
1074 2451 1162 2503 unque
1182 2434 1219 2490 οδ
1238 2430 1396 2504 όνδριόιαα

239 2519 294 2560 om.
317 2503 349 2560 L.
373 2536 406 2545 -
434 2511 465 2560 1³
490 2525 519 2560 τε
544 2506 610 2560 cole
636 2505 684 2558 καὶ
707 2521 761 2559 om.
788 2503 952 2559 LABChu.
980 2537 1012 2546 -
1037 2507 1062 2560 A
1085 2505 1179 2561 verbis
1204 2501 1220 2575 ἡ
1245 2507 1277 2563 δὲ
1302 2505 1396 2578 δγίειιι

238 2575 324 2702 {peip
344 2578 467 2647 excerpt.
487 2575 552 2631 XIV
575 2575 703 2661 codicum
724 2575 782 2630 FP.
803 2607 835 2616 —
861 2571 947 2646 όγειά
965 2575 1088 2632 FPMA.
1108 2607 1142 2618 -
1170 2585 1200 2634 ll
1221 2575 1396 2652 τροιιὶλλιχλα

164 2943 166 2950 ,
239 2868 302 2952 eil,
326 2867 603 2954 pulchritudinem
628 2871 736 2934 aulem
761 2869 884 2934 nonin
910 2869 1161 2954 elementorum,
1185 2871 1242 2938 scd
1264 2872 1300 2940 in
1323 2895 1395 2959 por·

239 2976 322 3042 lium
346 2980 424 3062 epla
448 2975 675 3062 congruentia,
699 2977 794 3060 digiti
820 2977 945 3042 scilicet
969 2977 1008 3042 ad
1037 2977 1179 3064 digitum
1203 2980 1394 3068 digitorum-

238 3105 301 3170 que
319 3085 466 3151 omnium
486 3083 526 3150 οδ
546 3083 690 3168 palmum
710 3085 902 3170 palmaeque
922 3086 1061 3170 primaru
1080 3089 1209 3171 purtem
1227 3094 1261 3154 el
1279 3089 1394 3156 horum

240 3193 280 3260 αδ
304 3193 461 3278 cubitum,
484 3193 587 3259 cubiti
612 3191 652 3258 ad
676 3192 861 3277 brachium,
890 3193 1035 3258 omniurn
1059 3192 1196 3279 denique
1220 3197 1262 3262 ad
1286 3199 1395 3264 omnia

239 3301 384 3388 positam
422 3323 493 3366 esse
526 3301 666 3384 censuit,
702 3300 975 3385 quemadmodum
1013 3301 1047 3366 in
1077 3299 1232 3386 Polycliti
1272 3327 1393 3372 oenone

239 3410 363 3476 lilleris'
389 3411 579 3476 mandatum
609 3415 667 3472 esl.
718 3408 756 3474 ln
784 3431 822 3474 eo
855 3409 939 3474 libro
969 3409 1151 3490 Polyclitus
1180 3432 1253 3476 cum
1283 3435 1393 3480 ornnes

238 3518 387 3604 corporis
406 3519 635 3604 proportiones
654 3518 827 3601 docuisset,
850 3539 947 3602 opere
971 3516 1304 3584 deminorationem
1325 3541 1394 3586 cou-

240 3628 384 3694 firmerit
407 3649 445 3692 ex
470 3626 547 3692 libri
572 3625 756 3712 praeceptis
781 3629 924 3688 slatuuul
947 3624 1138 3708 fabricatio,
1160 3646 1257 3711 quam
1282 3627 1393 3692 eodem

237 3734 387 3818 nomine,
415 3757 479 3820 quo
503 3734 639 3818 librum,
667 3755 792 3798 canona
817 3731 1005 3818 appellavit.
1055 3732 1269 3800 pulchritudo
1295 3735 1394 3822 igilur

239 3842 387 3930 corporis
412 3865 450 3907 ex
474 3842 620 3909 omniurn
645 3841 844 3906 medicorum
874 3840 1209 3927 philosophorumque
1233 3843 1394 3908 seuleulia

237 3953 273 4018 in
301 3951 524 4018 membrorum
553 3957 632 4036 apta
655 3949 883 4014 convenientia
911 3949 1078 4032 consistit,
1113 3949 1237 4014 seniles
1272 3951 1307 4016 in
1335 3953 1393 4016 ele-

168 4055 173 4062 ’
239 4061 437 4142 menlorunr,
459 4081 668 4144 quaerunque
687 4061 771 4124 sunl.
795 4057 880 4122 iulor
898 4081 932 4122 se
956 4057 1179 4143 congruenlio.
1215 4055 1302 4124 Num
1326 4060 1392 4124 sire

239 4191 277 4234 ex
301 4165 506 4252 corpusculis
526 4171 557 4230 cl
583 4165 754 4248 meatibus,
778 4171 814 4229 ut
833 4165 1046 4249 Asclepiades
1065 4163 1179 4240 roluil‚
1202 4165 1391 4232 animalium

195 4337 202 4356 ,,
238 4297 377 4360 corporo
411 4277 575 4357 coustant,
607 4273 724 4340 horum
759 4273 973 4358 congruentia
1005 4277 1055 4339 esl
1082 4273 1221 4358 seniles3
1254 4273 1323 4339 sire
1356 4295 1391 4339 ex
1430 4317 1436 4324 -

238 4383 372 4468 atomis,
394 4387 431 4447 ul
455 4381 631 4467 Epicurus,
660 4381 728 4446 sive
752 4403 791 4446 ex
814 4381 1082 4466 lrouroeomeriis‚
1110 4385 1146 4446 ul
1168 4380 1391 4471 Anaxagoras,
