3012 5010
545 365 824 433 -259-1

134 519 166 593 ‘d
190 521 302 610 θυμὸς
325 519 431 592 αὐτὸν
453 527 523 592 τῶν
546 527 683 613 φρενῶν
707 519 796 614 ‘'bit’'
822 521 916 600 daca!

97 632 143 699 καί
164 629 264 700 πάλιν

134 741 257 825 ’πηδῶν
280 735 312 806 d’
339 737 357 808 ὁ
382 737 494 828 θυμὸς
517 742 664 808 ἔνδοθεν
686 739 932 830 μαντεύεται.Ἰ

97 847 141 913 καὶ
167 853 269 935 μυρία
296 847 392 936 ἕτερα
419 851 559 916 τοιαῦτα
586 846 676 934 παρὰ
704 845 787 916 ὅλον
812 846 851 916 τὸ
880 846 1015 937 γράμμα
1043 848 1245 919 κατασκευά·
1253 867 1311 924 214

99 959 181 1034 ζοντα
204 953 241 1023 τὸ
266 954 489 1044 θυμούμενον
514 951 675 1042 ὑπάρχειν
700 956 737 1024 ἐν
760 959 800 1046 τῇ
818 959 953 1047 καρδίᾳ,
977 957 1057 1025 δίον
1078 955 1117 1046 μί
1142 961 1271 1028 τοῦτοῦ

97 1061 267 1144 δεικνύειν,
295 1059 380 1131 ἀλλὰ
408 1061 446 1132 τὸ
476 1061 694 1151 λογιζόμενον
722 1059 742 1151 ἢ
771 1061 813 1152 νὴ
843 1069 926 1151 Δία,
958 1052 1058 1153 είπερ
1076 1062 1244 1147 ἇὸύνατος

97 1159 131 1254 ἦν
159 1167 316 1258 ἄντικρυς
348 1169 577 1240 ἐπιδεικνύναι
609 1174 726 1256 τοῦτο,
761 1174 986 1260 πειρασθῆναι
1019 1175 1106 1260 γοῦν
1138 1175 1243 1258 δείξαι

96 1275 165 1346 καθ’
190 1282 228 1348 ἓν
251 1281 351 1348 τοῦτο
374 1278 412 1348 τὸ
436 1278 560 1366 μόριον
583 1275 670 1348 εἶναι
694 1278 732 1348 τό
755 1305 790 1348 τε
812 1278 1035 1368 θυμούμενον
1056 1284 1114 1368 τῆς
1137 1285 1245 1370 ψυχῆς

96 1386 140 1452 καὶ
173 1386 209 1456 τὸ
244 1384 472 1474 λογιζόμενον.
528 1383 547 1456 ὁ
581 1387 623 1456 de'
653 1413 690 1474 με
721 1388 815 1457 τουτί
845 1387 908 1477 μὲν
941 1383 1020 1458 οὐδὲ
1053 1389 1243 1478 ἐπεχείρησε
1310 1447 1312 1452 ,

97 1495 202 1580 πρᾶξαι
226 1493 310 1563 κατὰ
339 1491 442 1563 οὐδὲν
469 1495 570 1582 με’ρος
592 1499 654 1564 τοῦ
681 1501 831 1582 βιβλίου,
860 1499 978 1585 χρῆται
1006 1495 1044 1564 δὲ
1072 1494 1162 1591 αὐτῷ
1186 1497 1243 1568 daia
1258 1517 1285 1558 1⁰

97 1599 206 1682 παντὸς
238 1603 272 1684 ἐξ
305 1601 440 1690 ἑτοίμου
468 1601 661 1691 λαμβάνων.
712 1599 818 1684 εὐθὺς
849 1607 936 1692 γοῦν
965 1605 1002 1673 ἐν
1028 1618 1100 1686 τοῖς
1126 1605 1245 1695 ἐφεξῆς
1363 1624 1368 1630 ’

98 1705 171 1777 οὕτω
194 1709 330 1798 γράφει·
354 1713 424 1798 ’τῆς
447 1709 510 1798 μὲν
529 1703 593 1780 οὖν
612 1707 715 1799 ὀργῆς
733 1713 914 1800 γενομένης
931 1712 1082 1782 ἐνταῦθα
1101 1711 1245 1801 εὔλογον

98 1817 152 1884 ’καί
174 1817 231 1899 τὰς
253 1819 372 1900 λοιπὰς
395 1821 577 1908 ἐπιθυμίας
601 1821 750 1888 ἐνταῦθα
774 1817 861 1888 εἶναι
884 1821 940 1888 καί
964 1817 1007 1909 νὴ
1031 1828 1101 1890 Δία
1124 1821 1180 1890 καλ
1202 1819 1243 1892 td

98 1923 193 1992 ‘auat
225 1925 320 2014 πάθη
353 1927 409 1995 καλ
442 1927 521 2008 τοὺς
553 1925 794 2015 διαλογισμοὺς
825 1925 881 1996 καί
919 1923 982 1996 ὅσα
1013 1928 1147 2011 τούτοις
1173 1931 1242 2000 ἐστί

98 2031 329 2122 παραπλήσια]
384 2031 488 2104 οὐδὲν
522 2031 586 2123 γὰρ
617 2031 819 2122 ἀναγκαῖον,
852 2039 939 2103 ἔνθα
970 2033 1011 2104 τὰ
1043 2035 1154 2126 πάθη,
1186 2038 1241 2107 καί
1258 2055 1283 2095 ¹⁵

97 2137 165 2219 τοὺς
190 2141 430 2230 διαλογισμοὺς
462 2143 612 2212 ἐνταῦθα
644 2141 823 2232 ὑπάρχειν,
855 2139 912 2226 ὦς,
944 2153 979 2212 εί
1005 2170 1043 2230 γε
1075 2148 1175 2215 τοῦτο
1207 2147 1243 2215 ἐκ

101 2267 300 2282 -n—u—n—

128 2329 138 2374 1
156 2315 249 2377 αὐτῶν
263 2323 334 2390 ΙιΜτ
353 2323 389 2378 ei.
404 2323 490 2378 Proll.
509 2341 537 2394 p.
559 2331 617 2380 125.
638 2354 672 2364 -
698 2320 798 2392 ἐξῆρεν
817 2317 878 2379 ἅνω
893 2323 981 2380 ΜΑΒ
1000 2319 1103 2396 ἒξῇρεν
1121 2321 1149 2382 τί.
1169 2324 1243 2382 ChK

97 2385 147 2446 ἄνα
159 2393 187 2448 in
202 2395 222 2449 L
237 2395 433 2456 obliteratum:
449 2396 485 2452 es.
500 2395 653 2452 Greenhili.
670 2397 699 2450 in
714 2395 834 2450 Henseh.
848 2397 910 2453 Jan.
925 2397 947 2465 1,
962 2403 1022 2453 627.
1051 2397 1191 2454 Matthiae
1205 2399 1243 2454 ad
1269 2465 1271 2470 k

98 2462 178 2536 Eurip.
193 2467 239 2535 IX,
254 2474 324 2523 466:
337 2462 416 2536 ἐξὴιί
433 2463 503 2523 ἄνω.
519 2499 553 2509 -
568 2475 584 2522 3
599 2469 634 2524 cf.
647 2467 757 2524 Nauck.
773 2468 866 2538 Frgm.
882 2469 939 2524 Tra
960 2513 966 2524 .
982 2468 1079 2526 Gnaeo.
1094 2487 1122 2542 p.
1133 2475 1195 2528 677.
1207 2501 1241 2512 -

98 2537 189 2603 ivadv
207 2533 386 2610 ἐπιχειρῆσαι
409 2541 503 2606 δεῖξαι
522 2539 604 2594 codd.
627 2541 690 2596 edd.
710 2536 888 2610 ἐπιχειρῆσαι
907 2486 1075 2627 ἀεῗονίιυοες
1101 2541 1135 2598 af.
1155 2541 1241 2600 Proflss
1274 2561 1280 2566 ·

97 2623 120 2674 p.
135 2615 188 2666 128.
202 2641 234 2652 -
251 2619 284 2666 10
299 2610 331 2666 δὲ
347 2606 458 2666 attan
474 2606 553 2682 αὐτῷ
568 2627 623 2666 om.
638 2613 666 2666 Μ
672 2611 771 2666 Anca
778 2611 811 2666 K.
827 2643 859 2652 ·-
878 2619 909 2667 12
921 2631 974 2668 ουν
989 2615 1055 2670 ante
1070 2606 1156 2684 ὁρμῆς
1169 2614 1241 2671 inae·

98 2679 190 2736 ruimus
202 2682 265 2739 eall.
280 2701 308 2753 p.
324 2689 375 2739 ael
391 2699 417 2738 a.
432 2684 506 2739 med.
516 2683 550 2739 Κ.
566 2715 599 2724 -
617 2691 649 2739 13
665 2680 806 2739 ἐντεῦθεν
820 2683 850 2738 L.
866 2715 898 2725 -
915 2681 950 2753 νὴ
965 2685 1014 2739 δία
1029 2684 1110 2740 καὶΙι
1124 2685 1175 2740 καί
1186 2703 1241 2746 om.

98 2748 252 2810 ansehn.
269 2785 302 2796 -
319 2761 353 2810 15
368 2747 436 2810 ὅσον
450 2758 480 2812 et
492 2751 690 2824 παραπλήσιον
706 2755 785 2811 codd.
801 2755 863 2810 edd.
879 2749 932 2810 ὅσα
947 2759 977 2812 et
990 2753 1176 2826 παραπλήσιοι
1190 2773 1250 2814 noa.

98 2823 173 2880 coltl.
183 2827 201 2882 l.
211 2857 244 2867 —
256 2835 289 2883 16
300 2830 366 2898 post
375 2823 577 2900 διαλογισμοὺς
586 2827 674 2883 verba
682 2827 774 2882 καί-
786 2822 986 2898 ιπιραπλήοιου
995 2829 1025 2884 in
1036 2827 1058 2883 L
1068 2829 1241 2902 repetita.-

99 2941 296 2958 *ct——

98 3025 129 3070 aa
148 3029 253 3074 rursus
302 3008 411 3076 ‘Hune
433 3010 484 3076 ira
508 3011 678 3076 turbatum
702 3011 821 3076 ext-ulit
842 3009 1066 3095 praecordiis?

224 3124 256 3184 et
302 3115 408 3184 ‘Intus
432 3117 514 3184 mihi
539 3118 639 3184 ardor
663 3121 843 3205 auguratur
865 3116 1056 3204 palpitans?

98 3229 125 3286 et
144 3231 288 3292 sexcenta
312 3225 346 3291 id
370 3247 472 3313 genus
497 3224 563 3294 alia
587 3247 644 3311 per
667 3229 774 3292 totum
797 3227 933 3311 librum,
957 3227 1076 3314 quihus
1100 3225 1242 3294 efficitur

99 3327 281 3400 iracundiam
305 3333 341 3400 in
369 3333 575 3420 tardasses,
606 3356 679 3401 cnm
702 3355 769 3400 non
792 3334 891 3418 hane,
920 3334 975 3399 sed
1003 3335 1165 3402 rationem
1193 3333 1240 3401 ibi

97 3458 157 3502 esse
174 3441 394 3508 demonstrare
414 3441 548 3507 deberes
568 3442 621 3508 vel
641 3447 739 3525 certe,
763 3442 791 3506 si
810 3441 901 3507 nullo
925 3441 1022 3508 modo
1046 3442 1080 3508 id
1098 3437 1259 3528 poterae,¹
1344 3501 1347 3508 ,

97 3549 194 3614 conari
215 3551 332 3616 saltem
361 3549 476 3615 docere
504 3549 538 3615 in
566 3571 632 3615 una
660 3549 837 3634 eademque
864 3551 957 3634 parte
981 3549 1184 3616 iracundiam
1207 3555 1242 3617 et

97 3655 240 3724 rationem
268 3680 349 3724 esse.
396 3657 441 3722 nt
469 3657 502 3724 id
530 3657 638 3723 iacere
666 3658 729 3722 iste
757 3677 798 3722 ne
827 3677 1003 3742 aggressus
1031 3658 1162 3744 qaaidem
1190 3662 1241 3724 est

96 3760 124 3825 in
143 3763 205 3831 allo
226 3767 304 3832 libri
327 3765 414 3848 loeo,
443 3765 499 3830 sed
522 3787 580 3850 per
607 3769 715 3830 totum
743 3769 912 3848 tamquam
941 3785 1131 3830 eoncessum
1158 3763 1241 3832 illud

96 3873 193 3939 sumit.
239 3873 361 3942 Statim
395 3873 482 3938 enim
515 3873 550 3938 in
578 3873 635 3957 iis,
668 3895 751 3957 quae
785 3875 978 3957 sequuntur,
1006 3870 1087 3937 haee
1111 3873 1241 3940 scribit:

97 3969 191 4046 ‘Cum
208 3983 332 4069 igitur
349 3979 422 4047 hoc
445 3981 531 4047 loeo
554 3981 615 4046 ira
633 3985 835 4062 nascatur,
860 3982 1162 4046 consentaneum
1181 3985 1242 4046 est

97 4087 200 4154 etiam
222 4089 398 4176 reliquas
418 4089 662 4173 cupiditates
687 4092 726 4153 et
744 4091 849 4152 certe
873 4086 1049 4174 reliquos
1069 4085 1239 4155 affectus

97 4195 127 4255 et
151 4195 424 4264 meditationes
453 4201 504 4282 et,
533 4219 630 4282 quae
660 4200 749 4262 sunt
777 4195 934 4282 generis
963 4195 1150 4281 eiusdem,
1183 4194 1240 4261 ibi

97 4301 290 4372 collocari?
336 4307 382 4372 At
406 4305 491 4371 enim
517 4306 552 4370 in
576 4305 688 4371 eadem
713 4303 787 4369 sede
811 4327 881 4370 esse
906 4303 1151 4389 meditationes,
1173 4325 1238 4390 qua

98 4409 231 4500 aflectus,
261 4413 354 4482 nnita
381 4417 432 4479 est
465 4413 657 4500 necessitas3
690 4412 776 4498 quod
806 4413 833 4478 si
861 4413 948 4500 quis,
980 4411 1074 4499 quasi
1103 4414 1243 4499 constet,

973 4517 1026 4574 1⁷*
