<?xml version="1.0" encoding="UTF-8"?>
<!DOCTYPE html PUBLIC "-//W3C//DTD XHTML 1.0 Transitional//EN"
    "http://www.w3.org/TR/xhtml1/DTD/xhtml1-transitional.dtd">
<html xmlns="http://www.w3.org/1999/xhtml" xml:lang="en" lang="en">
 <head>
  <title>
</title>
<meta http-equiv="Content-Type" content="text/html;charset=utf-8" />
  <meta name='ocr-system' content='tesseract 3.04.00' />
  <meta name='ocr-capabilities' content='ocr_page ocr_carea ocr_par ocr_line ocrx_word'/>
</head>
<body>
  <div class='ocr_page' id='page_1' title='image "./claudiigalenide01mlgoog_0617.png"; bbox 0 0 3022 5038; ppageno 0'>
   <div class='ocr_carea' id='block_1_1' title="bbox 666 227 911 292">
    <p class='ocr_par' dir='ltr' id='par_1_1' title="bbox 666 227 911 292">
     <span class='ocr_line' id='line_1_1' title="bbox 666 227 911 292; baseline -0.008 -16"><span class='ocrx_word' id='word_1_1' title='bbox 666 227 911 292; x_wconf 66' lang='lat'>..564-</span> 
     </span>
    </p>
   </div>
   <div class='ocr_carea' id='block_1_2' title="bbox 214 381 1384 584">
    <p class='ocr_par' dir='ltr' id='par_1_2' title="bbox 214 381 1384 584">
     <span class='ocr_line' id='line_1_2' title="bbox 214 381 1384 478; baseline -0.006 -21"><span class='ocrx_word' id='word_1_2' title='bbox 214 381 309 478; x_wconf 85' lang='grc' dir='ltr'><strong><em>αίμα·</em></strong></span> <span class='ocrx_word' id='word_1_3' title='bbox 329 387 416 456; x_wconf 85' lang='grc' dir='ltr'><strong><em>πολὺ</em></strong></span> <span class='ocrx_word' id='word_1_4' title='bbox 436 386 471 454; x_wconf 77' lang='grc' dir='ltr'><strong><em>δὲ</em></strong></span> <span class='ocrx_word' id='word_1_5' title='bbox 492 385 534 474; x_wconf 72' lang='grc' dir='ltr'><strong><em>δὴ</em></strong></span> <span class='ocrx_word' id='word_1_6' title='bbox 554 389 683 474; x_wconf 83' lang='grc' dir='ltr'><strong><em>μᾶλλον</em></strong></span> <span class='ocrx_word' id='word_1_7' title='bbox 704 382 722 473; x_wconf 69' lang='lat' dir='ltr'><strong><em>r}</em></strong></span> <span class='ocrx_word' id='word_1_8' title='bbox 742 389 926 474; x_wconf 73' lang='grc' dir='ltr'><strong><em>συμμετρία</em></strong></span> <span class='ocrx_word' id='word_1_9' title='bbox 945 387 1004 470; x_wconf 78' lang='grc' dir='ltr'><strong><em>της</em></strong></span> <span class='ocrx_word' id='word_1_10' title='bbox 1023 381 1175 470; x_wconf 76' lang='grc' dir='ltr'><strong><em>ἐμφύτου</em></strong></span> <span class='ocrx_word' id='word_1_11' title='bbox 1190 389 1384 474; x_wconf 72' lang='grc' dir='ltr'><strong><em>θερμασίας</em></strong></span> 
     </span>
     <span class='ocr_line' id='line_1_3' title="bbox 214 482 1384 584; baseline -0.006 -20"><span class='ocrx_word' id='word_1_12' title='bbox 214 493 335 584; x_wconf 73' lang='grc' dir='ltr'><strong><em>ἀκριβῆ</em></strong></span> <span class='ocrx_word' id='word_1_13' title='bbox 359 501 576 583; x_wconf 83' lang='grc' dir='ltr'><strong><em>περιτίθησιν</em></strong></span> <span class='ocrx_word' id='word_1_14' title='bbox 595 491 684 584; x_wconf 77' lang='grc' dir='ltr'><strong><em>αὐτῷ</em></strong></span> <span class='ocrx_word' id='word_1_15' title='bbox 708 496 769 562; x_wconf 86' lang='grc' dir='ltr'><strong><em>τὸν</em></strong></span> <span class='ocrx_word' id='word_1_16' title='bbox 788 491 926 581; x_wconf 83' lang='grc' dir='ltr'><strong><em>κόσμον.</em></strong></span> <span class='ocrx_word' id='word_1_17' title='bbox 963 500 1055 576; x_wconf 80' lang='grc' dir='ltr'><strong><em>εἰπερ</em></strong></span> <span class='ocrx_word' id='word_1_18' title='bbox 1074 482 1138 559; x_wconf 79' lang='grc' dir='ltr'><strong><em>οὖν</em></strong></span> <span class='ocrx_word' id='word_1_19' title='bbox 1156 493 1299 562; x_wconf 77' lang='grc' dir='ltr'><strong><em>ἕκαστον</em></strong></span> <span class='ocrx_word' id='word_1_20' title='bbox 1317 493 1384 580; x_wconf 71' lang='lat' dir='ltr'><strong>pri-</strong></span> 
     </span>
    </p>
   </div>
   <div class='ocr_carea' id='block_1_3' title="bbox 148 597 1384 2093">
    <p class='ocr_par' dir='ltr' id='par_1_3' title="bbox 148 597 1384 2093">
     <span class='ocr_line' id='line_1_4' title="bbox 214 597 1384 692; baseline -0.009 -20"><span class='ocrx_word' id='word_1_21' title='bbox 214 631 291 692; x_wconf 93' lang='grc' dir='ltr'><strong><em>ριον</em></strong></span> <span class='ocrx_word' id='word_1_22' title='bbox 314 605 348 686; x_wconf 77' lang='grc' dir='ltr'><strong><em>ἐξ</em></strong></span> <span class='ocrx_word' id='word_1_23' title='bbox 376 601 578 692; x_wconf 81' lang='grc' dir='ltr'><strong><em>ὁμοιοτάτου</em></strong></span> <span class='ocrx_word' id='word_1_24' title='bbox 605 601 688 670; x_wconf 81' lang='grc' dir='ltr'><strong><em>κατὰ</em></strong></span> <span class='ocrx_word' id='word_1_25' title='bbox 716 601 780 690; x_wconf 77' lang='grc' dir='ltr'><strong><em>την</em></strong></span> <span class='ocrx_word' id='word_1_26' title='bbox 808 597 929 670; x_wconf 70' lang='grc' dir='ltr'><strong><em>οίισιάν</em></strong></span> <span class='ocrx_word' id='word_1_27' title='bbox 953 601 1059 692; x_wconf 77' lang='grc' dir='ltr'><strong><em>ἑαυτῷ</em></strong></span> <span class='ocrx_word' id='word_1_28' title='bbox 1082 601 1237 687; x_wconf 77' lang='grc' dir='ltr'><strong><em>τρέφεται</em></strong></span> <span class='ocrx_word' id='word_1_29' title='bbox 1270 606 1384 688; x_wconf 60' lang='lat' dir='ltr'><strong><em>lnior?-</em></strong></span> 
     </span>
     <span class='ocr_line' id='line_1_5' title="bbox 213 705 1379 802; baseline -0.004 -21"><span class='ocrx_word' id='word_1_30' title='bbox 213 711 270 780; x_wconf 78' lang='grc' dir='ltr'><strong><em>καί</em></strong></span> <span class='ocrx_word' id='word_1_31' title='bbox 299 715 423 781; x_wconf 88' lang='grc' dir='ltr'><strong><em>τοῦτον</em></strong></span> <span class='ocrx_word' id='word_1_32' title='bbox 450 710 712 798; x_wconf 78' lang='grc' dir='ltr'><strong><em>παρασκευάζειν</em></strong></span> <span class='ocrx_word' id='word_1_33' title='bbox 740 711 846 802; x_wconf 73' lang='grc' dir='ltr'><strong><em>ἑαυτῷ</em></strong></span> <span class='ocrx_word' id='word_1_34' title='bbox 879 709 1029 794; x_wconf 84' lang='grc' dir='ltr'><strong><em>πίφυκεν</em></strong></span> <span class='ocrx_word' id='word_1_35' title='bbox 1059 705 1222 778; x_wconf 75' lang='grc' dir='ltr'><strong><em>ἀλλοιοῦν</em></strong></span> <span class='ocrx_word' id='word_1_36' title='bbox 1253 736 1287 778; x_wconf 89' lang='grc' dir='ltr'><strong><em>τε</em></strong></span> <span class='ocrx_word' id='word_1_37' title='bbox 1320 711 1379 776; x_wconf 77' lang='grc' dir='ltr'><strong><em>καὶ</em></strong></span> 
     </span>
     <span class='ocr_line' id='line_1_6' title="bbox 187 813 1382 909; baseline -0.002 -21"><span class='ocrx_word' id='word_1_38' title='bbox 187 819 434 909; x_wconf 72' lang='grc' dir='ltr'><strong><em>σμεταβάλλον,</em></strong></span> <span class='ocrx_word' id='word_1_39' title='bbox 461 817 478 908; x_wconf 77' lang='grc' dir='ltr'><em>ἡ</em></span> <span class='ocrx_word' id='word_1_40' title='bbox 503 823 564 888; x_wconf 83' lang='grc' dir='ltr'><strong><em>τοῦ</em></strong></span> <span class='ocrx_word' id='word_1_41' title='bbox 583 823 722 906; x_wconf 65' lang='grc' dir='ltr'><strong><em>αἳματος</em></strong></span> <span class='ocrx_word' id='word_1_42' title='bbox 746 819 875 904; x_wconf 77' lang='grc' dir='ltr'><strong><em>γένεσις</em></strong></span> <span class='ocrx_word' id='word_1_43' title='bbox 894 823 994 904; x_wconf 77' lang='grc' dir='ltr'><strong><em>ε’ργον</em></strong></span> <span class='ocrx_word' id='word_1_44' title='bbox 1017 821 1075 904; x_wconf 78' lang='grc' dir='ltr'><strong><em>της</em></strong></span> <span class='ocrx_word' id='word_1_45' title='bbox 1096 813 1219 905; x_wconf 74' lang='grc' dir='ltr'><strong><em>ἥπατος</em></strong></span> <span class='ocrx_word' id='word_1_46' title='bbox 1242 817 1382 902; x_wconf 68' lang='grc' dir='ltr'><strong><em>σαρκός.</em></strong></span> 
     </span>
     <span class='ocr_line' id='line_1_7' title="bbox 214 923 1383 1016; baseline -0.001 -22"><span class='ocrx_word' id='word_1_47' title='bbox 214 925 299 1016; x_wconf 79' lang='grc' dir='ltr'><strong><em>αὕτη</em></strong></span> <span class='ocrx_word' id='word_1_48' title='bbox 324 929 365 995; x_wconf 78' lang='grc' dir='ltr'><strong><em>δέ</em></strong></span> <span class='ocrx_word' id='word_1_49' title='bbox 386 929 488 1009; x_wconf 76' lang='grc' dir='ltr'><strong><em>ἐστιν,</em></strong></span> <span class='ocrx_word' id='word_1_50' title='bbox 511 923 557 1006; x_wconf 77' lang='grc' dir='ltr'><strong><em>ὡς</em></strong></span> <span class='ocrx_word' id='word_1_51' title='bbox 581 928 729 1014; x_wconf 78' lang='grc' dir='ltr'><strong><em>ἐδείχθη,</em></strong></span> <span class='ocrx_word' id='word_1_52' title='bbox 753 924 789 994; x_wconf 87' lang='grc' dir='ltr'><strong><em>τὸ</em></strong></span> <span class='ocrx_word' id='word_1_53' title='bbox 815 929 906 992; x_wconf 87' lang='grc' dir='ltr'><strong><em>ίδιον</em></strong></span> <span class='ocrx_word' id='word_1_54' title='bbox 930 925 1053 994; x_wconf 81' lang='grc' dir='ltr'><strong><em>ἑαυτοῦ</em></strong></span> <span class='ocrx_word' id='word_1_55' title='bbox 1076 927 1182 1010; x_wconf 77' lang='grc' dir='ltr'><strong><em>σῶμα.</em></strong></span> <span class='ocrx_word' id='word_1_56' title='bbox 1228 925 1282 994; x_wconf 85' lang='grc' dir='ltr'><strong><em>διὸ</em></strong></span> <span class='ocrx_word' id='word_1_57' title='bbox 1307 931 1383 993; x_wconf 71' lang='grc' dir='ltr'><strong><em>ταῖν</em></strong></span> 
     </span>
     <span class='ocr_line' id='line_1_8' title="bbox 214 1031 1384 1122; baseline -0.002 -20"><span class='ocrx_word' id='word_1_58' title='bbox 214 1033 327 1104; x_wconf 77' lang='grc' dir='ltr'><strong><em>ἄλλων</em></strong></span> <span class='ocrx_word' id='word_1_59' title='bbox 363 1031 550 1122; x_wconf 69' lang='grc' dir='ltr'><strong><em>άποκριθδυ</em></strong></span> <span class='ocrx_word' id='word_1_60' title='bbox 588 1035 626 1102; x_wconf 82' lang='grc' dir='ltr'><strong><em>ε”ν</em></strong></span> <span class='ocrx_word' id='word_1_61' title='bbox 662 1062 691 1101; x_wconf 85' lang='grc' dir='ltr'><strong><em>τι</em></strong></span> <span class='ocrx_word' id='word_1_62' title='bbox 731 1037 799 1100; x_wconf 81' lang='grc' dir='ltr'><strong><em>τῶν</em></strong></span> <span class='ocrx_word' id='word_1_63' title='bbox 841 1031 1042 1120; x_wconf 80' lang='grc' dir='ltr'><strong><em>σπλάγχνων</em></strong></span> <span class='ocrx_word' id='word_1_64' title='bbox 1079 1031 1146 1098; x_wconf 76' lang='grc' dir='ltr'><strong><em>ἐστὶ</em></strong></span> <span class='ocrx_word' id='word_1_65' title='bbox 1185 1037 1384 1119; x_wconf 73' lang='grc' dir='ltr'><strong><em>μονογενίς.</em></strong></span> 
     </span>
     <span class='ocr_line' id='line_1_9' title="bbox 213 1134 1381 1232; baseline -0.002 -22"><span class='ocrx_word' id='word_1_66' title='bbox 213 1143 339 1232; x_wconf 72' lang='grc' dir='ltr'><strong><em>μετέχει</em></strong></span> <span class='ocrx_word' id='word_1_67' title='bbox 364 1141 427 1231; x_wconf 72' lang='grc' dir='ltr'><strong><em>μὶν</em></strong></span> <span class='ocrx_word' id='word_1_68' title='bbox 449 1134 513 1210; x_wconf 84' lang='grc' dir='ltr'><strong><em>οὖν</em></strong></span> <span class='ocrx_word' id='word_1_69' title='bbox 536 1143 591 1210; x_wconf 82' lang='grc' dir='ltr'><strong><em>καὶ</em></strong></span> <span class='ocrx_word' id='word_1_70' title='bbox 618 1139 636 1230; x_wconf 75' lang='lat' dir='ltr'><strong><em>’i</em></strong></span> <span class='ocrx_word' id='word_1_71' title='bbox 665 1145 786 1226; x_wconf 78' lang='grc' dir='ltr'><strong><em>καρδία</em></strong></span> <span class='ocrx_word' id='word_1_72' title='bbox 810 1143 871 1208; x_wconf 86' lang='grc' dir='ltr'><strong><em>τοῦ</em></strong></span> <span class='ocrx_word' id='word_1_73' title='bbox 893 1137 1052 1208; x_wconf 84' lang='grc' dir='ltr'><strong><em>τοιούτου</em></strong></span> <span class='ocrx_word' id='word_1_74' title='bbox 1075 1137 1263 1228; x_wconf 75' lang='grc' dir='ltr'><strong><em>χρώματος,</em></strong></span> <span class='ocrx_word' id='word_1_75' title='bbox 1291 1138 1381 1208; x_wconf 65' lang='lat' dir='ltr'><strong>diac}</strong></span> 
     </span>
     <span class='ocr_line' id='line_1_10' title="bbox 215 1243 1381 1339; baseline -0.008 -20"><span class='ocrx_word' id='word_1_76' title='bbox 215 1248 279 1320; x_wconf 80' lang='grc' dir='ltr'><strong><em>οὐκ</em></strong></span> <span class='ocrx_word' id='word_1_77' title='bbox 302 1255 350 1330; x_wconf 74' lang='grc' dir='ltr'><strong><em>είς</em></strong></span> <span class='ocrx_word' id='word_1_78' title='bbox 374 1249 457 1319; x_wconf 83' lang='grc' dir='ltr'><strong><em>ὅσον</em></strong></span> <span class='ocrx_word' id='word_1_79' title='bbox 482 1243 581 1339; x_wconf 69' lang='grc' dir='ltr'><strong><em>ἧπαρ·</em></strong></span> <span class='ocrx_word' id='word_1_80' title='bbox 605 1249 790 1338; x_wconf 74' lang='grc' dir='ltr'><strong><em>ὑγρότερον</em></strong></span> <span class='ocrx_word' id='word_1_81' title='bbox 813 1247 879 1334; x_wconf 84' lang='grc' dir='ltr'><strong><em>γάρ</em></strong></span> <span class='ocrx_word' id='word_1_82' title='bbox 902 1249 970 1316; x_wconf 86' lang='grc' dir='ltr'><strong><em>ε’στι</em></strong></span> <span class='ocrx_word' id='word_1_83' title='bbox 995 1249 1032 1316; x_wconf 85' lang='grc' dir='ltr'><strong><em>τὸ</em></strong></span> <span class='ocrx_word' id='word_1_84' title='bbox 1058 1245 1252 1334; x_wconf 82' lang='grc' dir='ltr'><strong><em>σπλάγχνον</em></strong></span> <span class='ocrx_word' id='word_1_85' title='bbox 1276 1252 1381 1316; x_wconf 74' lang='grc' dir='ltr'><strong><em>τοῦτο</em></strong></span> 
     </span>
     <span class='ocr_line' id='line_1_11' title="bbox 176 1355 1381 1446; baseline -0.002 -20"><span class='ocrx_word' id='word_1_86' title='bbox 176 1383 201 1420; x_wconf 84' lang='lat'><strong><em>¹⁰</em></strong></span> <span class='ocrx_word' id='word_1_87' title='bbox 215 1361 274 1445; x_wconf 80' lang='grc' dir='ltr'><strong><em>τῆς</em></strong></span> <span class='ocrx_word' id='word_1_88' title='bbox 296 1361 436 1446; x_wconf 78' lang='grc' dir='ltr'><strong><em>καρδίας</em></strong></span> <span class='ocrx_word' id='word_1_89' title='bbox 459 1360 514 1426; x_wconf 81' lang='grc' dir='ltr'><strong><em>καί</em></strong></span> <span class='ocrx_word' id='word_1_90' title='bbox 539 1359 595 1427; x_wconf 87' lang='grc' dir='ltr'><strong><em>διίι</em></strong></span> <span class='ocrx_word' id='word_1_91' title='bbox 619 1362 718 1427; x_wconf 81' lang='grc' dir='ltr'><strong><em>τοῦτο</em></strong></span> <span class='ocrx_word' id='word_1_92' title='bbox 739 1355 967 1444; x_wconf 77' lang='grc' dir='ltr'><strong><em>ε’ρυδράτερόν</em></strong></span> <span class='ocrx_word' id='word_1_93' title='bbox 990 1382 1023 1423; x_wconf 90' lang='grc' dir='ltr'><strong><em>τε</em></strong></span> <span class='ocrx_word' id='word_1_94' title='bbox 1047 1357 1102 1424; x_wconf 82' lang='grc' dir='ltr'><strong><em>καὶ</em></strong></span> <span class='ocrx_word' id='word_1_95' title='bbox 1126 1356 1381 1442; x_wconf 72' lang='grc' dir='ltr'><strong><em>μαλακώτερον.</em></strong></span> 
     </span>
     <span class='ocr_line' id='line_1_12' title="bbox 216 1460 1381 1554; baseline 0 -22"><span class='ocrx_word' id='word_1_96' title='bbox 216 1461 236 1552; x_wconf 81' lang='grc' dir='ltr'><em>ἡ</em></span> <span class='ocrx_word' id='word_1_97' title='bbox 261 1463 297 1532; x_wconf 73' lang='grc' dir='ltr'><strong><em>δὲ</em></strong></span> <span class='ocrx_word' id='word_1_98' title='bbox 322 1467 482 1554; x_wconf 76' lang='grc' dir='ltr'><strong><em>ξηροτέρα</em></strong></span> <span class='ocrx_word' id='word_1_99' title='bbox 506 1493 539 1536; x_wconf 90' lang='grc' dir='ltr'><strong><em>τε</em></strong></span> <span class='ocrx_word' id='word_1_100' title='bbox 564 1467 618 1534; x_wconf 79' lang='grc' dir='ltr'><strong><em>καὶ</em></strong></span> <span class='ocrx_word' id='word_1_101' title='bbox 644 1465 830 1553; x_wconf 73' lang='grc' dir='ltr'><strong><em>θερμοτέρα</em></strong></span> <span class='ocrx_word' id='word_1_102' title='bbox 857 1467 920 1531; x_wconf 85' lang='grc' dir='ltr'><strong><em>τοῦ</em></strong></span> <span class='ocrx_word' id='word_1_103' title='bbox 946 1461 1068 1552; x_wconf 73' lang='grc' dir='ltr'><strong><em>ἥπατος</em></strong></span> <span class='ocrx_word' id='word_1_104' title='bbox 1093 1460 1241 1550; x_wconf 79' lang='grc' dir='ltr'><strong><em>ὑπάρχει.</em></strong></span> <span class='ocrx_word' id='word_1_105' title='bbox 1287 1463 1381 1533; x_wconf 68' lang='grc' dir='ltr'><strong><em>οὕτω</em></strong></span> 
     </span>
     <span class='ocr_line' id='line_1_13' title="bbox 215 1569 1379 1660; baseline 0.001 -21"><span class='ocrx_word' id='word_1_106' title='bbox 215 1569 280 1659; x_wconf 81' lang='grc' dir='ltr'><strong><em>γάρ</em></strong></span> <span class='ocrx_word' id='word_1_107' title='bbox 307 1569 446 1660; x_wconf 75' lang='grc' dir='ltr'><strong><em>ἤμελλεν</em></strong></span> <span class='ocrx_word' id='word_1_108' title='bbox 470 1571 539 1660; x_wconf 80' lang='grc' dir='ltr'><strong><em>ἅμα</em></strong></span> <span class='ocrx_word' id='word_1_109' title='bbox 562 1601 596 1642; x_wconf 86' lang='grc' dir='ltr'><strong><em>τε</em></strong></span> <span class='ocrx_word' id='word_1_110' title='bbox 626 1573 830 1660; x_wconf 67' lang='grc' dir='ltr'><strong><em>σκληροτέρα</em></strong></span> <span class='ocrx_word' id='word_1_111' title='bbox 859 1569 1062 1658; x_wconf 74' lang='grc' dir='ltr'><strong><em>γενησεσθαι</em></strong></span> <span class='ocrx_word' id='word_1_112' title='bbox 1091 1571 1146 1639; x_wconf 84' lang='grc' dir='ltr'><strong><em>καὶ</em></strong></span> <span class='ocrx_word' id='word_1_113' title='bbox 1175 1571 1379 1660; x_wconf 78' lang='grc' dir='ltr'><strong><em>κινήσεσθαι</em></strong></span> 
     </span>
     <span class='ocr_line' id='line_1_14' title="bbox 216 1677 1383 1769; baseline 0.003 -24"><span class='ocrx_word' id='word_1_114' title='bbox 216 1677 332 1767; x_wconf 71' lang='grc' dir='ltr'><strong><em>διττὴν</em></strong></span> <span class='ocrx_word' id='word_1_115' title='bbox 355 1685 490 1768; x_wconf 91' lang='grc' dir='ltr'><strong><em>κίνησιν</em></strong></span> <span class='ocrx_word' id='word_1_116' title='bbox 511 1678 637 1769; x_wconf 80' lang='grc' dir='ltr'><strong><em>ὁμοίως</em></strong></span> <span class='ocrx_word' id='word_1_117' title='bbox 660 1709 732 1760; x_wconf 70' lang='grc' dir='ltr'><strong><em>ταις</em></strong></span> <span class='ocrx_word' id='word_1_118' title='bbox 755 1677 939 1766; x_wconf 74' lang='grc' dir='ltr'><strong><em>ἀρτηρίαις,</em></strong></span> <span class='ocrx_word' id='word_1_119' title='bbox 963 1683 1020 1746; x_wconf 82' lang='grc' dir='ltr'><strong><em>ἴνα</em></strong></span> <span class='ocrx_word' id='word_1_120' title='bbox 1040 1680 1075 1746; x_wconf 78' lang='grc' dir='ltr'><strong><em>ἐκ</em></strong></span> <span class='ocrx_word' id='word_1_121' title='bbox 1098 1677 1161 1766; x_wconf 77' lang='grc' dir='ltr'><strong><em>μὲν</em></strong></span> <span class='ocrx_word' id='word_1_122' title='bbox 1183 1683 1242 1768; x_wconf 79' lang='grc' dir='ltr'><strong><em>της</em></strong></span> <span class='ocrx_word' id='word_1_123' title='bbox 1265 1681 1383 1749; x_wconf 74' lang='grc' dir='ltr'><strong><em>τοιαδ-</em></strong></span> 
     </span>
     <span class='ocr_line' id='line_1_15' title="bbox 148 1785 1381 1877; baseline 0.001 -24"><span class='ocrx_word' id='word_1_124' title='bbox 148 1808 205 1864; x_wconf 65' lang='lat'><strong><em>522</em></strong></span> <span class='ocrx_word' id='word_1_125' title='bbox 215 1812 273 1873; x_wconf 85' lang='grc' dir='ltr'><strong><em>της</em></strong></span> <span class='ocrx_word' id='word_1_126' title='bbox 296 1785 459 1873; x_wconf 72' lang='grc' dir='ltr'><strong><em>κινήσεως</em></strong></span> <span class='ocrx_word' id='word_1_127' title='bbox 485 1789 502 1876; x_wconf 68' lang='grc' dir='ltr'><strong><em>ι’]</em></strong></span> <span class='ocrx_word' id='word_1_128' title='bbox 527 1797 710 1877; x_wconf 87' lang='grc' dir='ltr'><strong><em>συμμετρία</em></strong></span> <span class='ocrx_word' id='word_1_129' title='bbox 735 1787 940 1874; x_wconf 72' lang='grc' dir='ltr'><strong><em>φυλάττηται</em></strong></span> <span class='ocrx_word' id='word_1_130' title='bbox 963 1791 1022 1874; x_wconf 74' lang='grc' dir='ltr'><strong><em>τῆς</em></strong></span> <span class='ocrx_word' id='word_1_131' title='bbox 1045 1785 1197 1875; x_wconf 80' lang='grc' dir='ltr'><strong><em>ἐμφύτου</em></strong></span> <span class='ocrx_word' id='word_1_132' title='bbox 1221 1787 1226 1876; x_wconf 71' lang='grc' dir='ltr'>Ι</span> <span class='ocrx_word' id='word_1_133' title='bbox 1254 1797 1381 1874; x_wconf 83' lang='grc' dir='ltr'><strong><em>θερμα-</em></strong></span> 
     </span>
     <span class='ocr_line' id='line_1_16' title="bbox 177 1891 1380 1988; baseline 0.002 -28"><span class='ocrx_word' id='word_1_134' title='bbox 177 1920 202 1960; x_wconf 84' lang='lat' dir='ltr'><strong>m</strong></span> <span class='ocrx_word' id='word_1_135' title='bbox 217 1900 301 1979; x_wconf 77' lang='grc' dir='ltr'><strong><em>σίας,</em></strong></span> <span class='ocrx_word' id='word_1_136' title='bbox 326 1892 371 1974; x_wconf 79' lang='grc' dir='ltr'><strong><em>ὡς</em></strong></span> <span class='ocrx_word' id='word_1_137' title='bbox 395 1895 432 1962; x_wconf 84' lang='grc' dir='ltr'><strong><em>ίν</em></strong></span> <span class='ocrx_word' id='word_1_138' title='bbox 455 1900 501 1988; x_wconf 78' lang='grc' dir='ltr'><strong><em>τῷ</em></strong></span> <span class='ocrx_word' id='word_1_139' title='bbox 525 1897 598 1982; x_wconf 81' lang='grc' dir='ltr'><strong><em>περὶ</em></strong></span> <span class='ocrx_word' id='word_1_140' title='bbox 624 1903 735 1984; x_wconf 73' lang='grc' dir='ltr'><strong><em>χρείας</em></strong></span> <span class='ocrx_word' id='word_1_141' title='bbox 758 1899 924 1984; x_wconf 81' lang='grc' dir='ltr'><strong><em>σφυγμῶν</em></strong></span> <span class='ocrx_word' id='word_1_142' title='bbox 943 1895 1167 1982; x_wconf 75' lang='grc' dir='ltr'><strong><em>ἐπεδείξαμεν,</em></strong></span> <span class='ocrx_word' id='word_1_143' title='bbox 1192 1891 1211 1982; x_wconf 77' lang='lat' dir='ltr'><strong><em>&#39;i</em></strong></span> <span class='ocrx_word' id='word_1_144' title='bbox 1235 1897 1380 1984; x_wconf 79' lang='grc' dir='ltr'><strong><em>σκληρό-</em></strong></span> 
     </span>
     <span class='ocr_line' id='line_1_17' title="bbox 215 2000 1377 2093; baseline 0.003 -25"><span class='ocrx_word' id='word_1_145' title='bbox 215 2027 274 2090; x_wconf 85' lang='grc' dir='ltr'><strong><em>της</em></strong></span> <span class='ocrx_word' id='word_1_146' title='bbox 306 2001 342 2070; x_wconf 75' lang='grc' dir='ltr'><strong><em>δὲ</em></strong></span> <span class='ocrx_word' id='word_1_147' title='bbox 375 2000 439 2090; x_wconf 72' lang='grc' dir='ltr'><strong><em>τὴν</em></strong></span> <span class='ocrx_word' id='word_1_148' title='bbox 471 2004 685 2072; x_wconf 78' lang='grc' dir='ltr'><strong><em>δυσπάθειαν</em></strong></span> <span class='ocrx_word' id='word_1_149' title='bbox 712 2002 797 2093; x_wconf 67' lang='grc' dir='ltr'><strong><em>αὐτῇ</em></strong></span> <span class='ocrx_word' id='word_1_150' title='bbox 826 2005 951 2092; x_wconf 78' lang='grc' dir='ltr'><strong><em>παρέχη</em></strong></span> <span class='ocrx_word' id='word_1_151' title='bbox 980 2005 1131 2090; x_wconf 74' lang='grc' dir='ltr'><strong><em>συνεχέσι</em></strong></span> <span class='ocrx_word' id='word_1_152' title='bbox 1161 2027 1196 2070; x_wconf 88' lang='grc' dir='ltr'><strong><em>τε</em></strong></span> <span class='ocrx_word' id='word_1_153' title='bbox 1223 2001 1377 2088; x_wconf 75' lang='grc' dir='ltr'><strong><em>κινήσεσι</em></strong></span> 
     </span>
    </p>
   </div>
   <div class='ocr_carea' id='block_1_4' title="bbox 216 2165 431 2178">
    <p class='ocr_par' dir='ltr' id='par_1_4' title="bbox 216 2165 431 2178">
     <span class='ocr_line' id='line_1_18' title="bbox 216 2165 431 2178; baseline -0.009 0"><span class='ocrx_word' id='word_1_154' title='bbox 216 2165 431 2178; x_wconf 56' lang='lat' dir='ltr'>OE———n</span> 
     </span>
    </p>
   </div>
   <div class='ocr_carea' id='block_1_5' title="bbox 216 2251 1378 2474">
    <p class='ocr_par' dir='ltr' id='par_1_5' title="bbox 216 2251 1378 2474">
     <span class='ocr_line' id='line_1_19' title="bbox 252 2251 1378 2336; baseline -0.004 -21"><span class='ocrx_word' id='word_1_155' title='bbox 252 2265 269 2315; x_wconf 81' lang='lat'><strong>5</strong></span> <span class='ocrx_word' id='word_1_156' title='bbox 287 2255 474 2330; x_wconf 82' lang='grc' dir='ltr'><strong><em>μεταβάλλειν</em></strong></span> <span class='ocrx_word' id='word_1_157' title='bbox 489 2255 569 2312; x_wconf 86' lang='lat' dir='ltr'><strong>codd.</strong></span> <span class='ocrx_word' id='word_1_158' title='bbox 585 2255 648 2310; x_wconf 78' lang='lat' dir='ltr'><strong>edd.</strong></span> <span class='ocrx_word' id='word_1_159' title='bbox 664 2251 840 2336; x_wconf 69' lang='grc' dir='ltr'><strong><em>μεταβάλλον</em></strong></span> <span class='ocrx_word' id='word_1_160' title='bbox 855 2273 918 2312; x_wconf 85' lang='lat' dir='ltr'><strong>nos:</strong></span> <span class='ocrx_word' id='word_1_161' title='bbox 938 2256 974 2310; x_wconf 86' lang='lat' dir='ltr'><strong>et&#39;.</strong></span> <span class='ocrx_word' id='word_1_162' title='bbox 989 2253 1074 2308; x_wconf 79' lang='lat' dir='ltr'><strong>Proll.</strong></span> <span class='ocrx_word' id='word_1_163' title='bbox 1089 2273 1117 2324; x_wconf 89' lang='lat' dir='ltr'><strong><em>p.</em></strong></span> <span class='ocrx_word' id='word_1_164' title='bbox 1137 2261 1195 2310; x_wconf 86' lang='lat'>100.</span> <span class='ocrx_word' id='word_1_165' title='bbox 1211 2287 1243 2296; x_wconf 90' lang='lat'><em>-</em></span> <span class='ocrx_word' id='word_1_166' title='bbox 1265 2255 1378 2324; x_wconf 73' lang='grc' dir='ltr'><strong><em>δμετί-</em></strong></span> 
     </span>
     <span class='ocr_line' id='line_1_20' title="bbox 216 2323 1378 2402; baseline -0.006 -15"><span class='ocrx_word' id='word_1_167' title='bbox 216 2349 259 2401; x_wconf 81' lang='grc' dir='ltr'><strong><em>χει</em></strong></span> <span class='ocrx_word' id='word_1_168' title='bbox 279 2329 332 2402; x_wconf 73' lang='grc' dir='ltr'><strong><em>μὶν</em></strong></span> <span class='ocrx_word' id='word_1_169' title='bbox 352 2323 405 2385; x_wconf 72' lang='grc' dir='ltr'><strong><em>οὖν</em></strong></span> <span class='ocrx_word' id='word_1_170' title='bbox 425 2351 450 2384; x_wconf 85' lang='grc' dir='ltr'><strong><em>κ.</em></strong></span> <span class='ocrx_word' id='word_1_171' title='bbox 470 2351 493 2384; x_wconf 88' lang='grc' dir='ltr'><strong><em>τ.</em></strong></span> <span class='ocrx_word' id='word_1_172' title='bbox 513 2334 535 2384; x_wconf 88' lang='grc' dir='ltr'><strong><em>λ.</em></strong></span> <span class='ocrx_word' id='word_1_173' title='bbox 561 2347 648 2399; x_wconf 78' lang='lat' dir='ltr'><strong>usspre</strong></span> <span class='ocrx_word' id='word_1_174' title='bbox 674 2329 709 2383; x_wconf 86' lang='lat' dir='ltr'><strong>ad</strong></span> <span class='ocrx_word' id='word_1_175' title='bbox 732 2323 851 2396; x_wconf 80' lang='grc' dir='ltr'><strong><em>υπάρχει</em></strong></span> <span class='ocrx_word' id='word_1_176' title='bbox 871 2327 948 2382; x_wconf 77' lang='lat' dir='ltr'><strong>Orib.</strong></span> <span class='ocrx_word' id='word_1_177' title='bbox 969 2327 986 2381; x_wconf 89' lang='grc' dir='ltr'><strong><em>Ι.</em></strong></span> <span class='ocrx_word' id='word_1_178' title='bbox 1006 2327 1025 2384; x_wconf 86' lang='lat'><strong><em>1.</em></strong></span> <span class='ocrx_word' id='word_1_179' title='bbox 1046 2331 1060 2388; x_wconf 58' lang='grc' dir='ltr'><em>ᾖ</em></span> <span class='ocrx_word' id='word_1_180' title='bbox 1080 2333 1122 2382; x_wconf 69' lang='grc'><strong><em>27.</em></strong></span> <span class='ocrx_word' id='word_1_181' title='bbox 1144 2359 1176 2367; x_wconf 99' lang='grc'>-</span> <span class='ocrx_word' id='word_1_182' title='bbox 1202 2328 1322 2382; x_wconf 76' lang='grc' dir='ltr'><strong><em>9τοδτο</em></strong></span> <span class='ocrx_word' id='word_1_183' title='bbox 1343 2326 1378 2382; x_wconf 79' lang='grc' dir='ltr'><strong><em>τὸ</em></strong></span> 
     </span>
     <span class='ocr_line' id='line_1_21' title="bbox 216 2397 1378 2474; baseline -0.003 -16"><span class='ocrx_word' id='word_1_184' title='bbox 216 2401 378 2474; x_wconf 79' lang='grc' dir='ltr'><strong><em>σπλάγχνον</em></strong></span> <span class='ocrx_word' id='word_1_185' title='bbox 389 2402 466 2458; x_wconf 85' lang='lat' dir='ltr'><strong>Orib.</strong></span> <span class='ocrx_word' id='word_1_186' title='bbox 483 2433 513 2441; x_wconf 91' lang='lat'><strong><em>·-</em></strong></span> <span class='ocrx_word' id='word_1_187' title='bbox 533 2408 566 2455; x_wconf 78' lang='lat' dir='ltr'><strong><em>1ss</em></strong></span> <span class='ocrx_word' id='word_1_188' title='bbox 580 2399 697 2470; x_wconf 73' lang='grc' dir='ltr'><strong><em>παρέχει</em></strong></span> <span class='ocrx_word' id='word_1_189' title='bbox 713 2399 794 2454; x_wconf 82' lang='grc' dir='ltr'><strong><em>οοδδ.</em></strong></span> <span class='ocrx_word' id='word_1_190' title='bbox 809 2399 871 2454; x_wconf 82' lang='grc' dir='ltr'><strong><em>εδδ.</em></strong></span> <span class='ocrx_word' id='word_1_191' title='bbox 887 2397 998 2470; x_wconf 82' lang='grc' dir='ltr'><strong><em>παρέχῃ</em></strong></span> <span class='ocrx_word' id='word_1_192' title='bbox 1013 2417 1077 2466; x_wconf 71' lang='grc' dir='ltr'><strong><em>τινες</em></strong></span> <span class='ocrx_word' id='word_1_193' title='bbox 1092 2397 1127 2454; x_wconf 83' lang='lat' dir='ltr'><strong><em>cf.</em></strong></span> <span class='ocrx_word' id='word_1_194' title='bbox 1143 2397 1228 2458; x_wconf 81' lang='lat' dir='ltr'><strong>Prolt,</strong></span> <span class='ocrx_word' id='word_1_195' title='bbox 1242 2417 1269 2470; x_wconf 88' lang='lat' dir='ltr'><strong><em>p.</em></strong></span> <span class='ocrx_word' id='word_1_196' title='bbox 1285 2407 1328 2454; x_wconf 69' lang='grc' dir='ltr'><strong><em>αὔ.</em></strong></span> <span class='ocrx_word' id='word_1_197' title='bbox 1342 2431 1378 2442; x_wconf 92' lang='lat'><em>-</em></span> 
     </span>
    </p>
   </div>
   <div class='ocr_carea' id='block_1_6' title="bbox 215 2653 1380 4344">
    <p class='ocr_par' dir='ltr' id='par_1_6' title="bbox 215 2653 1380 4344">
     <span class='ocr_line' id='line_1_22' title="bbox 217 2653 1377 2742; baseline -0.003 -18"><span class='ocrx_word' id='word_1_198' title='bbox 217 2661 390 2726; x_wconf 76' lang='lat' dir='ltr'>concretae</span> <span class='ocrx_word' id='word_1_199' title='bbox 414 2679 572 2742; x_wconf 81' lang='lat' dir='ltr'>perquam</span> <span class='ocrx_word' id='word_1_200' title='bbox 597 2655 737 2720; x_wconf 76' lang='lat' dir='ltr'><strong>similem</strong></span> <span class='ocrx_word' id='word_1_201' title='bbox 762 2653 861 2740; x_wconf 79' lang='lat' dir='ltr'><strong>estiei3</strong></span> <span class='ocrx_word' id='word_1_202' title='bbox 891 2653 946 2718; x_wconf 87' lang='lat' dir='ltr'><strong>sed</strong></span> <span class='ocrx_word' id='word_1_203' title='bbox 975 2653 1079 2719; x_wconf 88' lang='lat' dir='ltr'><strong>multo</strong></span> <span class='ocrx_word' id='word_1_204' title='bbox 1103 2655 1210 2740; x_wconf 78' lang='lat' dir='ltr'><strong>magis</strong></span> <span class='ocrx_word' id='word_1_205' title='bbox 1235 2655 1377 2740; x_wconf 83' lang='lat' dir='ltr'><strong>ingeniti</strong></span> 
     </span>
     <span class='ocr_line' id='line_1_23' title="bbox 216 2761 1380 2850; baseline 0 -18"><span class='ocrx_word' id='word_1_206' title='bbox 216 2765 335 2832; x_wconf 86' lang='lat' dir='ltr'><strong>caloris</strong></span> <span class='ocrx_word' id='word_1_207' title='bbox 360 2765 598 2850; x_wconf 77' lang='lat' dir='ltr'><strong>temperatione</strong></span> <span class='ocrx_word' id='word_1_208' title='bbox 628 2763 797 2848; x_wconf 79' lang='lat' dir='ltr'><strong>sanguinis</strong></span> <span class='ocrx_word' id='word_1_209' title='bbox 819 2767 939 2828; x_wconf 86' lang='lat' dir='ltr'><strong>natura</strong></span> <span class='ocrx_word' id='word_1_210' title='bbox 962 2761 1123 2828; x_wconf 88' lang='lat' dir='ltr'><strong>exeolitur</strong></span> <span class='ocrx_word' id='word_1_211' title='bbox 1146 2765 1180 2826; x_wconf 90' lang='lat' dir='ltr'><strong><em>et</em></strong></span> <span class='ocrx_word' id='word_1_212' title='bbox 1202 2763 1380 2848; x_wconf 81' lang='lat' dir='ltr'>expolitur.</span> 
     </span>
     <span class='ocr_line' id='line_1_24' title="bbox 216 2869 1378 2958; baseline 0.001 -20"><span class='ocrx_word' id='word_1_213' title='bbox 216 2873 339 2951; x_wconf 83' lang='lat' dir='ltr'><strong>Quodsi</strong></span> <span class='ocrx_word' id='word_1_214' title='bbox 372 2895 519 2958; x_wconf 86' lang='lat' dir='ltr'><strong>quaeque</strong></span> <span class='ocrx_word' id='word_1_215' title='bbox 553 2893 629 2957; x_wconf 87' lang='lat' dir='ltr'><strong>pars</strong></span> <span class='ocrx_word' id='word_1_216' title='bbox 663 2891 702 2934; x_wconf 86' lang='lat' dir='ltr'><strong>ex</strong></span> <span class='ocrx_word' id='word_1_217' title='bbox 735 2891 831 2935; x_wconf 87' lang='lat' dir='ltr'><strong>succo</strong></span> <span class='ocrx_word' id='word_1_218' title='bbox 861 2869 1066 2936; x_wconf 84' lang='lat' dir='ltr'><strong>substantiae</strong></span> <span class='ocrx_word' id='word_1_219' title='bbox 1094 2891 1172 2936; x_wconf 86' lang='lat' dir='ltr'><strong>suae</strong></span> <span class='ocrx_word' id='word_1_220' title='bbox 1202 2870 1378 2939; x_wconf 86' lang='lat' dir='ltr'><strong>simillimo</strong></span> 
     </span>
     <span class='ocr_line' id='line_1_25' title="bbox 215 2977 1377 3066; baseline 0 -20"><span class='ocrx_word' id='word_1_221' title='bbox 215 2981 360 3046; x_wconf 89' lang='lat' dir='ltr'><strong>nutritur</strong></span> <span class='ocrx_word' id='word_1_222' title='bbox 384 2979 494 3066; x_wconf 86' lang='lat' dir='ltr'><strong>itaque</strong></span> <span class='ocrx_word' id='word_1_223' title='bbox 519 2983 709 3062; x_wconf 77' lang='lat' dir='ltr'><strong>comparata</strong></span> <span class='ocrx_word' id='word_1_224' title='bbox 734 2983 799 3061; x_wconf 79' lang='lat' dir='ltr'><strong>est,</strong></span> <span class='ocrx_word' id='word_1_225' title='bbox 828 2981 864 3042; x_wconf 92' lang='lat' dir='ltr'><strong>ut</strong></span> <span class='ocrx_word' id='word_1_226' title='bbox 887 3001 962 3044; x_wconf 90' lang='lat' dir='ltr'><strong>eum</strong></span> <span class='ocrx_word' id='word_1_227' title='bbox 985 2977 1176 3044; x_wconf 82' lang='lat' dir='ltr'><strong>invertendo</strong></span> <span class='ocrx_word' id='word_1_228' title='bbox 1200 2983 1234 3043; x_wconf 88' lang='lat' dir='ltr'><strong><em>et</em></strong></span> <span class='ocrx_word' id='word_1_229' title='bbox 1256 2979 1377 3046; x_wconf 91' lang='lat' dir='ltr'><strong>immu-</strong></span> 
     </span>
     <span class='ocr_line' id='line_1_26' title="bbox 215 3085 1377 3172; baseline -0.002 -18"><span class='ocrx_word' id='word_1_230' title='bbox 215 3088 315 3154; x_wconf 89' lang='lat' dir='ltr'><strong>tando</strong></span> <span class='ocrx_word' id='word_1_231' title='bbox 348 3087 413 3152; x_wconf 87' lang='lat' dir='ltr'><strong>sibi</strong></span> <span class='ocrx_word' id='word_1_232' title='bbox 445 3091 633 3172; x_wconf 79' lang='lat' dir='ltr'><strong>praeparet,</strong></span> <span class='ocrx_word' id='word_1_233' title='bbox 666 3085 836 3172; x_wconf 80' lang='lat' dir='ltr'><strong>sauguinis</strong></span> <span class='ocrx_word' id='word_1_234' title='bbox 868 3088 1115 3171; x_wconf 76' lang='lat' dir='ltr'><strong>generationem</strong></span> <span class='ocrx_word' id='word_1_235' title='bbox 1147 3085 1265 3153; x_wconf 85' lang='lat' dir='ltr'><strong>iecoris</strong></span> <span class='ocrx_word' id='word_1_236' title='bbox 1297 3111 1377 3153; x_wconf 79' lang='lat' dir='ltr'><strong>earo</strong></span> 
     </span>
     <span class='ocr_line' id='line_1_27' title="bbox 215 3193 1378 3283; baseline 0 -22"><span class='ocrx_word' id='word_1_237' title='bbox 215 3199 380 3283; x_wconf 88' lang='lat' dir='ltr'><strong>procurat.</strong></span> <span class='ocrx_word' id='word_1_238' title='bbox 418 3193 507 3270; x_wconf 87' lang='lat' dir='ltr'><strong>Quae</strong></span> <span class='ocrx_word' id='word_1_239' title='bbox 531 3193 663 3279; x_wconf 74' lang='lat' dir='ltr'><strong>(pridem</strong></span> <span class='ocrx_word' id='word_1_240' title='bbox 687 3217 773 3278; x_wconf 81' lang='lat' dir='ltr'><strong>earo,</strong></span> <span class='ocrx_word' id='word_1_241' title='bbox 796 3199 832 3258; x_wconf 87' lang='lat' dir='ltr'><strong>ut</strong></span> <span class='ocrx_word' id='word_1_242' title='bbox 852 3217 952 3280; x_wconf 87' lang='lat' dir='ltr'><strong>supra</strong></span> <span class='ocrx_word' id='word_1_243' title='bbox 970 3195 1278 3280; x_wconf 78' lang='lat' dir='ltr'><strong>demonstravimus,</strong></span> <span class='ocrx_word' id='word_1_244' title='bbox 1301 3219 1378 3282; x_wconf 84' lang='lat' dir='ltr'><strong>pru-</strong></span> 
     </span>
     <span class='ocr_line' id='line_1_28' title="bbox 216 3301 1377 3392; baseline 0 -22"><span class='ocrx_word' id='word_1_245' title='bbox 216 3303 324 3390; x_wconf 91' lang='lat' dir='ltr'><strong>prium</strong></span> <span class='ocrx_word' id='word_1_246' title='bbox 348 3303 465 3370; x_wconf 83' lang='lat' dir='ltr'><strong>iecoris</strong></span> <span class='ocrx_word' id='word_1_247' title='bbox 490 3324 607 3386; x_wconf 84' lang='lat' dir='ltr'><strong>eorpus</strong></span> <span class='ocrx_word' id='word_1_248' title='bbox 632 3305 691 3366; x_wconf 79' lang='lat' dir='ltr'><strong>est.</strong></span> <span class='ocrx_word' id='word_1_249' title='bbox 728 3301 906 3388; x_wconf 77' lang='lat' dir='ltr'><strong>Propterea</strong></span> <span class='ocrx_word' id='word_1_250' title='bbox 925 3303 967 3368; x_wconf 91' lang='lat' dir='ltr'><strong>ab</strong></span> <span class='ocrx_word' id='word_1_251' title='bbox 991 3303 1065 3370; x_wconf 90' lang='lat' dir='ltr'><strong>aliis</strong></span> <span class='ocrx_word' id='word_1_252' title='bbox 1089 3303 1242 3372; x_wconf 82' lang='lat' dir='ltr'><strong>omnibus</strong></span> <span class='ocrx_word' id='word_1_253' title='bbox 1266 3327 1377 3392; x_wconf 81' lang='lat' dir='ltr'><strong>segre-</strong></span> 
     </span>
     <span class='ocr_line' id='line_1_29' title="bbox 215 3409 1375 3499; baseline 0.003 -23"><span class='ocrx_word' id='word_1_254' title='bbox 215 3414 329 3499; x_wconf 81' lang='lat' dir='ltr'><strong>gatum</strong></span> <span class='ocrx_word' id='word_1_255' title='bbox 354 3411 486 3476; x_wconf 87' lang='lat' dir='ltr'><strong>unicum</strong></span> <span class='ocrx_word' id='word_1_256' title='bbox 505 3409 668 3496; x_wconf 81' lang='lat' dir='ltr'><strong>quoddam</strong></span> <span class='ocrx_word' id='word_1_257' title='bbox 688 3417 720 3474; x_wconf 88' lang='lat' dir='ltr'><strong><em>et</em></strong></span> <span class='ocrx_word' id='word_1_258' title='bbox 744 3411 909 3496; x_wconf 75' lang='lat' dir='ltr'><strong>singulare</strong></span> <span class='ocrx_word' id='word_1_259' title='bbox 933 3413 1042 3478; x_wconf 80' lang='lat' dir='ltr'><strong>viscus</strong></span> <span class='ocrx_word' id='word_1_260' title='bbox 1061 3417 1120 3478; x_wconf 84' lang='lat' dir='ltr'><strong><em>est</em></strong></span> <span class='ocrx_word' id='word_1_261' title='bbox 1157 3411 1282 3478; x_wconf 86' lang='lat' dir='ltr'><strong>Eodem</strong></span> <span class='ocrx_word' id='word_1_262' title='bbox 1302 3415 1375 3498; x_wconf 88' lang='lat' dir='ltr'><strong>qui·</strong></span> 
     </span>
     <span class='ocr_line' id='line_1_30' title="bbox 215 3517 1377 3606; baseline 0.002 -22"><span class='ocrx_word' id='word_1_263' title='bbox 215 3517 289 3584; x_wconf 88' lang='lat' dir='ltr'><strong>dem</strong></span> <span class='ocrx_word' id='word_1_264' title='bbox 313 3517 421 3584; x_wconf 85' lang='lat' dir='ltr'><strong>colore</strong></span> <span class='ocrx_word' id='word_1_265' title='bbox 446 3517 546 3583; x_wconf 86' lang='lat' dir='ltr'><strong>etiam</strong></span> <span class='ocrx_word' id='word_1_266' title='bbox 567 3539 623 3583; x_wconf 88' lang='lat' dir='ltr'><strong>eor</strong></span> <span class='ocrx_word' id='word_1_267' title='bbox 646 3517 829 3604; x_wconf 83' lang='lat' dir='ltr'><strong>praeditum</strong></span> <span class='ocrx_word' id='word_1_268' title='bbox 855 3523 915 3602; x_wconf 86' lang='lat' dir='ltr'><strong>est,</strong></span> <span class='ocrx_word' id='word_1_269' title='bbox 938 3519 994 3584; x_wconf 87' lang='lat' dir='ltr'><strong>sed</strong></span> <span class='ocrx_word' id='word_1_270' title='bbox 1012 3542 1079 3586; x_wconf 92' lang='lat' dir='ltr'><strong><em>non</em></strong></span> <span class='ocrx_word' id='word_1_271' title='bbox 1097 3523 1255 3606; x_wconf 88' lang='lat' dir='ltr'><strong>quantum</strong></span> <span class='ocrx_word' id='word_1_272' title='bbox 1275 3520 1377 3593; x_wconf 81' lang='lat' dir='ltr'><strong>ieeur.</strong></span> 
     </span>
     <span class='ocr_line' id='line_1_31' title="bbox 215 3625 1375 3714; baseline 0.001 -23"><span class='ocrx_word' id='word_1_273' title='bbox 215 3625 301 3713; x_wconf 92' lang='lat' dir='ltr'><strong>quod</strong></span> <span class='ocrx_word' id='word_1_274' title='bbox 327 3625 433 3692; x_wconf 81' lang='lat' dir='ltr'><strong>riscus</strong></span> <span class='ocrx_word' id='word_1_275' title='bbox 462 3625 629 3694; x_wconf 82' lang='lat' dir='ltr'><strong>humidius</strong></span> <span class='ocrx_word' id='word_1_276' title='bbox 654 3625 749 3692; x_wconf 85' lang='lat' dir='ltr'><strong>eorde</strong></span> <span class='ocrx_word' id='word_1_277' title='bbox 773 3627 815 3692; x_wconf 89' lang='lat' dir='ltr'><strong><em>ob</em></strong></span> <span class='ocrx_word' id='word_1_278' title='bbox 845 3649 981 3711; x_wconf 85' lang='lat' dir='ltr'><strong>eamque</strong></span> <span class='ocrx_word' id='word_1_279' title='bbox 1010 3650 1079 3693; x_wconf 87' lang='lat' dir='ltr'><strong>rem</strong></span> <span class='ocrx_word' id='word_1_280' title='bbox 1107 3627 1242 3694; x_wconf 86' lang='lat' dir='ltr'><strong>rubrum</strong></span> <span class='ocrx_word' id='word_1_281' title='bbox 1265 3629 1375 3714; x_wconf 77' lang='lat' dir='ltr'><strong>magis</strong></span> 
     </span>
     <span class='ocr_line' id='line_1_32' title="bbox 216 3732 1374 3816; baseline 0.003 -18"><span class='ocrx_word' id='word_1_282' title='bbox 216 3737 250 3798; x_wconf 90' lang='lat' dir='ltr'><strong><em>et</em></strong></span> <span class='ocrx_word' id='word_1_283' title='bbox 272 3733 484 3816; x_wconf 81' lang='lat' dir='ltr'><strong>molliusest,</strong></span> <span class='ocrx_word' id='word_1_284' title='bbox 509 3739 543 3798; x_wconf 84' lang='lat' dir='ltr'><strong>ut</strong></span> <span class='ocrx_word' id='word_1_285' title='bbox 563 3756 619 3799; x_wconf 87' lang='lat' dir='ltr'><strong>eor</strong></span> <span class='ocrx_word' id='word_1_286' title='bbox 642 3733 761 3798; x_wconf 73' lang='lat' dir='ltr'><strong>sier-ius</strong></span> <span class='ocrx_word' id='word_1_287' title='bbox 781 3737 814 3798; x_wconf 80' lang='lat' dir='ltr'><strong><em>et</em></strong></span> <span class='ocrx_word' id='word_1_288' title='bbox 837 3732 975 3799; x_wconf 80' lang='lat' dir='ltr'><strong>calidius</strong></span> <span class='ocrx_word' id='word_1_289' title='bbox 998 3734 1105 3801; x_wconf 86' lang='lat' dir='ltr'><strong>iecore</strong></span> <span class='ocrx_word' id='word_1_290' title='bbox 1129 3735 1202 3802; x_wconf 91' lang='lat' dir='ltr'><strong>ideo</strong></span> <span class='ocrx_word' id='word_1_291' title='bbox 1222 3737 1374 3801; x_wconf 72' lang='lat' dir='ltr'><strong>eflectum</strong></span> 
     </span>
     <span class='ocr_line' id='line_1_33' title="bbox 216 3841 1375 3930; baseline 0.004 -25"><span class='ocrx_word' id='word_1_292' title='bbox 216 3845 280 3926; x_wconf 90' lang='lat' dir='ltr'><strong>est,</strong></span> <span class='ocrx_word' id='word_1_293' title='bbox 308 3845 345 3906; x_wconf 89' lang='lat' dir='ltr'><strong>ut</strong></span> <span class='ocrx_word' id='word_1_294' title='bbox 374 3845 407 3906; x_wconf 86' lang='lat' dir='ltr'><strong><em>et</em></strong></span> <span class='ocrx_word' id='word_1_295' title='bbox 435 3847 522 3906; x_wconf 86' lang='lat' dir='ltr'><strong>esset</strong></span> <span class='ocrx_word' id='word_1_296' title='bbox 550 3841 662 3906; x_wconf 70' lang='lat' dir='ltr'><strong>«larius</strong></span> <span class='ocrx_word' id='word_1_297' title='bbox 691 3848 739 3925; x_wconf 82' lang='lat' dir='ltr'><strong><em>et,</em></strong></span> <span class='ocrx_word' id='word_1_298' title='bbox 766 3841 1039 3928; x_wconf 80' lang='lat' dir='ltr'><strong>quemadmodum</strong></span> <span class='ocrx_word' id='word_1_299' title='bbox 1067 3845 1223 3928; x_wconf 76' lang='lat' dir='ltr'><strong>arteriae,</strong></span> <span class='ocrx_word' id='word_1_300' title='bbox 1250 3843 1375 3930; x_wconf 74' lang='lat' dir='ltr'><strong>dupliri</strong></span> 
     </span>
     <span class='ocr_line' id='line_1_34' title="bbox 217 3949 1374 4038; baseline 0.005 -24"><span class='ocrx_word' id='word_1_301' title='bbox 217 3949 362 4016; x_wconf 89' lang='lat' dir='ltr'><strong>motione</strong></span> <span class='ocrx_word' id='word_1_302' title='bbox 386 3955 499 4035; x_wconf 86' lang='lat' dir='ltr'><strong>posset</strong></span> <span class='ocrx_word' id='word_1_303' title='bbox 518 3949 637 4036; x_wconf 81' lang='lat' dir='ltr'><strong>agitari</strong></span> <span class='ocrx_word' id='word_1_304' title='bbox 663 3962 760 4034; x_wconf 81' lang='lat' dir='ltr'><strong>atque</strong></span> <span class='ocrx_word' id='word_1_305' title='bbox 785 3951 831 4014; x_wconf 86' lang='lat' dir='ltr'><strong><em>ita</em></strong></span> <span class='ocrx_word' id='word_1_306' title='bbox 851 3972 890 4016; x_wconf 86' lang='lat' dir='ltr'><strong>ex</strong></span> <span class='ocrx_word' id='word_1_307' title='bbox 909 3973 948 4016; x_wconf 89' lang='lat' dir='ltr'><strong><em>ea</em></strong></span> <span class='ocrx_word' id='word_1_308' title='bbox 972 3951 1153 4038; x_wconf 82' lang='lat' dir='ltr'><strong>agitatione</strong></span> <span class='ocrx_word' id='word_1_309' title='bbox 1178 3953 1374 4038; x_wconf 77' lang='lat' dir='ltr'><strong>temperatio</strong></span> 
     </span>
     <span class='ocr_line' id='line_1_35' title="bbox 216 4057 1374 4146; baseline 0.005 -26"><span class='ocrx_word' id='word_1_310' title='bbox 216 4057 307 4122; x_wconf 86' lang='lat' dir='ltr'><strong>insiti</strong></span> <span class='ocrx_word' id='word_1_311' title='bbox 341 4057 460 4122; x_wconf 84' lang='lat' dir='ltr'><strong>caloris</strong></span> <span class='ocrx_word' id='word_1_312' title='bbox 494 4063 754 4144; x_wconf 68' lang='lat' dir='ltr'><strong>conservaretur,</strong></span> <span class='ocrx_word' id='word_1_313' title='bbox 791 4063 828 4122; x_wconf 91' lang='lat' dir='ltr'><strong>ut</strong></span> <span class='ocrx_word' id='word_1_314' title='bbox 860 4057 894 4124; x_wconf 90' lang='lat' dir='ltr'><strong><em>in</em></strong></span> <span class='ocrx_word' id='word_1_315' title='bbox 931 4059 1018 4125; x_wconf 91' lang='lat' dir='ltr'><strong>libro</strong></span> <span class='ocrx_word' id='word_1_316' title='bbox 1054 4060 1094 4125; x_wconf 87' lang='lat' dir='ltr'><strong>de</strong></span> <span class='ocrx_word' id='word_1_317' title='bbox 1128 4083 1188 4126; x_wconf 89' lang='lat' dir='ltr'><strong><em>usu</em></strong></span> <span class='ocrx_word' id='word_1_318' title='bbox 1220 4061 1374 4146; x_wconf 82' lang='lat' dir='ltr'><strong>pulsuum</strong></span> 
     </span>
     <span class='ocr_line' id='line_1_36' title="bbox 216 4163 1375 4253; baseline 0.003 -25"><span class='ocrx_word' id='word_1_319' title='bbox 216 4163 433 4248; x_wconf 84' lang='lat' dir='ltr'><strong>ostendimus,</strong></span> <span class='ocrx_word' id='word_1_320' title='bbox 461 4187 479 4228; x_wconf 91' lang='lat' dir='ltr'><strong>e</strong></span> <span class='ocrx_word' id='word_1_321' title='bbox 503 4165 625 4230; x_wconf 88' lang='lat' dir='ltr'><strong>duritia</strong></span> <span class='ocrx_word' id='word_1_322' title='bbox 649 4173 760 4232; x_wconf 83' lang='lat' dir='ltr'><strong>autem</strong></span> <span class='ocrx_word' id='word_1_323' title='bbox 785 4167 924 4232; x_wconf 81' lang='lat' dir='ltr'><strong>tirmitas</strong></span> <span class='ocrx_word' id='word_1_324' title='bbox 948 4173 1195 4253; x_wconf 85' lang='lat' dir='ltr'><strong>compararetur</strong></span> <span class='ocrx_word' id='word_1_325' title='bbox 1217 4167 1375 4235; x_wconf 72' lang='lat' dir='ltr'><strong>adversus</strong></span> 
     </span>
     <span class='ocr_line' id='line_1_37' title="bbox 216 4271 1377 4344; baseline 0.007 -8"><span class='ocrx_word' id='word_1_326' title='bbox 216 4271 376 4338; x_wconf 79' lang='lat' dir='ltr'><strong>motiones</strong></span> <span class='ocrx_word' id='word_1_327' title='bbox 410 4279 443 4336; x_wconf 79' lang='lat' dir='ltr'><strong><em>et</em></strong></span> <span class='ocrx_word' id='word_1_328' title='bbox 471 4271 620 4338; x_wconf 64' lang='lat' dir='ltr'><strong>assiduas·</strong></span> <span class='ocrx_word' id='word_1_329' title='bbox 652 4283 685 4338; x_wconf 85' lang='lat' dir='ltr'><strong><em>et</em></strong></span> <span class='ocrx_word' id='word_1_330' title='bbox 717 4273 879 4338; x_wconf 82' lang='lat' dir='ltr'><strong>interdum</strong></span> <span class='ocrx_word' id='word_1_331' title='bbox 910 4275 1085 4342; x_wconf 90' lang='lat' dir='ltr'><strong>admodum</strong></span> <span class='ocrx_word' id='word_1_332' title='bbox 1116 4275 1324 4343; x_wconf 79' lang='lat' dir='ltr'><strong>vehementes</strong></span> <span class='ocrx_word' id='word_1_333' title='bbox 1355 4303 1377 4344; x_wconf 89' lang='lat' dir='ltr'><strong>a</strong></span> 
     </span>
    </p>
   </div>
   <div class='ocr_carea' id='block_1_7' title="bbox 0 0 1516 5038">
    <p class='ocr_par' dir='ltr' id='par_1_7' title="bbox 0 0 1516 5038">
     <span class='ocr_line' id='line_1_38' title="bbox 0 0 1516 5038; baseline 0 0"><span class='ocrx_word' id='word_1_334' title='bbox 0 0 1516 5038; x_wconf 95' lang='lat' dir='ltr'><strong><em> </em></strong></span> 
     </span>
    </p>
   </div>
  </div>
 </body>
</html>
