<?xml version="1.0" encoding="UTF-8"?>
<!DOCTYPE html PUBLIC "-//W3C//DTD XHTML 1.0 Transitional//EN"
    "http://www.w3.org/TR/xhtml1/DTD/xhtml1-transitional.dtd">
<html xmlns="http://www.w3.org/1999/xhtml" xml:lang="en" lang="en">
 <head>
  <title>
</title>
<meta http-equiv="Content-Type" content="text/html;charset=utf-8" />
  <meta name='ocr-system' content='tesseract 3.04.00' />
  <meta name='ocr-capabilities' content='ocr_page ocr_carea ocr_par ocr_line ocrx_word'/>
</head>
<body>
  <div class='ocr_page' id='page_1' title='image "./claudiigalenide01mlgoog_0023.png"; bbox 0 0 2966 5012; ppageno 0'>
   <div class='ocr_carea' id='block_1_1' title="bbox 705 311 951 456">
    <p class='ocr_par' dir='ltr' id='par_1_1' title="bbox 705 311 951 456">
     <span class='ocr_line' id='line_1_1' title="bbox 705 311 951 456; baseline -0.004 -66"><span class='ocrx_word' id='word_1_1' title='bbox 705 311 951 456; x_wconf 51' lang='lat' dir='ltr'><strong>..q-⁴</strong></span> 
     </span>
    </p>
   </div>
   <div class='ocr_carea' id='block_1_2' title="bbox 217 499 1403 2202">
    <p class='ocr_par' dir='ltr' id='par_1_2' title="bbox 217 499 1403 2202">
     <span class='ocr_line' id='line_1_2' title="bbox 269 499 1403 592; baseline -0.007 -18"><span class='ocrx_word' id='word_1_2' title='bbox 269 529 272 534; x_wconf 87' lang='lat'><em>·</em></span> <span class='ocrx_word' id='word_1_3' title='bbox 321 506 375 574; x_wconf 82' lang='lat' dir='ltr'><strong>Ab</strong></span> <span class='ocrx_word' id='word_1_4' title='bbox 402 505 456 572; x_wconf 87' lang='lat' dir='ltr'><strong>his</strong></span> <span class='ocrx_word' id='word_1_5' title='bbox 482 505 586 592; x_wconf 79' lang='lat' dir='ltr'><strong>igitur</strong></span> <span class='ocrx_word' id='word_1_6' title='bbox 613 506 706 570; x_wconf 87' lang='lat' dir='ltr'><strong>tanta</strong></span> <span class='ocrx_word' id='word_1_7' title='bbox 734 500 930 568; x_wconf 88' lang='lat' dir='ltr'><strong>auctoritate</strong></span> <span class='ocrx_word' id='word_1_8' title='bbox 958 499 1040 566; x_wconf 80' lang='lat' dir='ltr'><strong>viris</strong></span> <span class='ocrx_word' id='word_1_9' title='bbox 1070 499 1200 567; x_wconf 84' lang='lat' dir='ltr'><strong>exculta</strong></span> <span class='ocrx_word' id='word_1_10' title='bbox 1227 499 1403 568; x_wconf 83' lang='lat' dir='ltr'><strong>medicina</strong></span> 
     </span>
     <span class='ocr_line' id='line_1_3' title="bbox 217 608 1403 701; baseline -0.008 -18"><span class='ocrx_word' id='word_1_11' title='bbox 217 629 306 683; x_wconf 86' lang='lat' dir='ltr'><strong>&#39;cum</strong></span> <span class='ocrx_word' id='word_1_12' title='bbox 328 611 541 701; x_wconf 80' lang='lat' dir='ltr'><strong>philosophia</strong></span> <span class='ocrx_word' id='word_1_13' title='bbox 563 612 604 678; x_wconf 90' lang='lat' dir='ltr'><strong>ad</strong></span> <span class='ocrx_word' id='word_1_14' title='bbox 627 610 820 694; x_wconf 80' lang='lat' dir='ltr'><strong>Europaeos</strong></span> <span class='ocrx_word' id='word_1_15' title='bbox 843 613 1031 675; x_wconf 84' lang='lat' dir='ltr'><strong>transvecta</strong></span> <span class='ocrx_word' id='word_1_16' title='bbox 1059 613 1117 679; x_wconf 80' lang='lat' dir='ltr'><strong>est</strong></span> <span class='ocrx_word' id='word_1_17' title='bbox 1164 608 1235 688; x_wconf 85' lang='lat' dir='ltr'><strong>Qua</strong></span> <span class='ocrx_word' id='word_1_18' title='bbox 1257 613 1403 694; x_wconf 77' lang='lat' dir='ltr'><strong>recepta</strong></span> 
     </span>
     <span class='ocr_line' id='line_1_4' title="bbox 230 716 1402 806; baseline -0.007 -16"><span class='ocrx_word' id='word_1_19' title='bbox 230 723 491 806; x_wconf 79' lang='lat' dir='ltr'><strong>irmdamentrmr,</strong></span> <span class='ocrx_word' id='word_1_20' title='bbox 519 743 582 805; x_wconf 89' lang='lat' dir='ltr'><strong>qno</strong></span> <span class='ocrx_word' id='word_1_21' title='bbox 611 719 652 785; x_wconf 93' lang='lat' dir='ltr'><strong>ad</strong></span> <span class='ocrx_word' id='word_1_22' title='bbox 679 719 713 784; x_wconf 92' lang='lat' dir='ltr'><strong>id</strong></span> <span class='ocrx_word' id='word_1_23' title='bbox 740 723 869 803; x_wconf 88' lang='lat' dir='ltr'><strong>tempus</strong></span> <span class='ocrx_word' id='word_1_24' title='bbox 897 716 1047 782; x_wconf 89' lang='lat' dir='ltr'><strong>medendi</strong></span> <span class='ocrx_word' id='word_1_25' title='bbox 1075 717 1160 783; x_wconf 91' lang='lat' dir='ltr'><strong>ratio</strong></span> <span class='ocrx_word' id='word_1_26' title='bbox 1189 718 1230 783; x_wconf 89' lang='lat' dir='ltr'><strong>ab</strong></span> <span class='ocrx_word' id='word_1_27' title='bbox 1253 717 1295 782; x_wconf 91' lang='lat' dir='ltr'><strong>iis</strong></span> <span class='ocrx_word' id='word_1_28' title='bbox 1318 723 1402 782; x_wconf 87' lang='lat' dir='ltr'><strong>erat</strong></span> 
     </span>
     <span class='ocr_line' id='line_1_5' title="bbox 230 822 1401 918; baseline -0.006 -21"><span class='ocrx_word' id='word_1_29' title='bbox 230 831 354 918; x_wconf 88' lang='lat' dir='ltr'><strong>posita,</strong></span> <span class='ocrx_word' id='word_1_30' title='bbox 383 829 593 894; x_wconf 90' lang='lat' dir='ltr'><strong>immutatum</strong></span> <span class='ocrx_word' id='word_1_31' title='bbox 621 831 679 892; x_wconf 87' lang='lat' dir='ltr'><strong>est.</strong></span> <span class='ocrx_word' id='word_1_32' title='bbox 723 825 795 891; x_wconf 90' lang='lat' dir='ltr'><strong>Iam</strong></span> <span class='ocrx_word' id='word_1_33' title='bbox 822 848 889 890; x_wconf 92' lang='lat' dir='ltr'><strong>non</strong></span> <span class='ocrx_word' id='word_1_34' title='bbox 918 823 1060 909; x_wconf 79' lang='lat' dir='ltr'><strong>simplici</strong></span> <span class='ocrx_word' id='word_1_35' title='bbox 1090 822 1304 908; x_wconf 86' lang='lat' dir='ltr'><strong>Graecorum,</strong></span> <span class='ocrx_word' id='word_1_36' title='bbox 1335 826 1401 890; x_wconf 83' lang='lat' dir='ltr'><strong>scd</strong></span> 
     </span>
     <span class='ocr_line' id='line_1_6' title="bbox 231 933 1400 1024; baseline -0.004 -21"><span class='ocrx_word' id='word_1_37' title='bbox 231 937 388 1024; x_wconf 83' lang='lat' dir='ltr'><strong>perplexa</strong></span> <span class='ocrx_word' id='word_1_38' title='bbox 410 934 572 1019; x_wconf 80' lang='lat' dir='ltr'><strong>Arabum,</strong></span> <span class='ocrx_word' id='word_1_39' title='bbox 599 956 665 1002; x_wconf 91' lang='lat' dir='ltr'><strong>non</strong></span> <span class='ocrx_word' id='word_1_40' title='bbox 692 934 825 1000; x_wconf 91' lang='lat' dir='ltr'><strong>illorum</strong></span> <span class='ocrx_word' id='word_1_41' title='bbox 854 933 981 998; x_wconf 88' lang='lat' dir='ltr'><strong>sincera</strong></span> <span class='ocrx_word' id='word_1_42' title='bbox 1008 935 1042 996; x_wconf 92' lang='lat' dir='ltr'><strong>et</strong></span> <span class='ocrx_word' id='word_1_43' title='bbox 1068 953 1159 1015; x_wconf 87' lang='lat' dir='ltr'><strong>vera,</strong></span> <span class='ocrx_word' id='word_1_44' title='bbox 1187 933 1243 998; x_wconf 90' lang='lat' dir='ltr'><strong>sed</strong></span> <span class='ocrx_word' id='word_1_45' title='bbox 1271 933 1400 999; x_wconf 89' lang='lat' dir='ltr'><strong>horum</strong></span> 
     </span>
     <span class='ocr_line' id='line_1_7' title="bbox 231 1039 1402 1126; baseline -0.003 -15"><span class='ocrx_word' id='word_1_46' title='bbox 231 1046 343 1111; x_wconf 80' lang='lat' dir='ltr'><strong>fucata</strong></span> <span class='ocrx_word' id='word_1_47' title='bbox 370 1048 404 1108; x_wconf 90' lang='lat' dir='ltr'><strong>et</strong></span> <span class='ocrx_word' id='word_1_48' title='bbox 431 1042 609 1110; x_wconf 88' lang='lat' dir='ltr'><strong>artificiosa</strong></span> <span class='ocrx_word' id='word_1_49' title='bbox 637 1042 685 1108; x_wconf 89' lang='lat' dir='ltr'><strong>uti</strong></span> <span class='ocrx_word' id='word_1_50' title='bbox 714 1046 892 1126; x_wconf 87' lang='lat' dir='ltr'><strong>eoepenmt</strong></span> <span class='ocrx_word' id='word_1_51' title='bbox 918 1040 1059 1126; x_wconf 80' lang='lat' dir='ltr'><strong>ratione3</strong></span> <span class='ocrx_word' id='word_1_52' title='bbox 1088 1039 1200 1126; x_wconf 87' lang='lat' dir='ltr'><strong>itaque</strong></span> <span class='ocrx_word' id='word_1_53' title='bbox 1229 1061 1297 1106; x_wconf 90' lang='lat' dir='ltr'><strong>non</strong></span> <span class='ocrx_word' id='word_1_54' title='bbox 1323 1040 1402 1107; x_wconf 83' lang='lat' dir='ltr'><strong>iarn</strong></span> 
     </span>
     <span class='ocr_line' id='line_1_8' title="bbox 233 1148 1402 1233; baseline -0.009 -11"><span class='ocrx_word' id='word_1_55' title='bbox 233 1154 379 1222; x_wconf 86' lang='lat' dir='ltr'><strong>animum</strong></span> <span class='ocrx_word' id='word_1_56' title='bbox 404 1151 616 1219; x_wconf 76' lang='lat' dir='ltr'><strong>intendebant</strong></span> <span class='ocrx_word' id='word_1_57' title='bbox 640 1149 746 1232; x_wconf 88' lang='lat' dir='ltr'><strong>adid,</strong></span> <span class='ocrx_word' id='word_1_58' title='bbox 770 1149 856 1233; x_wconf 87' lang='lat' dir='ltr'><strong>quod</strong></span> <span class='ocrx_word' id='word_1_59' title='bbox 871 1148 985 1214; x_wconf 75' lang='lat' dir='ltr'><strong>Graeci</strong></span> <span class='ocrx_word' id='word_1_60' title='bbox 1009 1151 1217 1232; x_wconf 82' lang='lat' dir='ltr'><strong>monuerant,</strong></span> <span class='ocrx_word' id='word_1_61' title='bbox 1241 1151 1402 1212; x_wconf 90' lang='lat' dir='ltr'><strong>naturam</strong></span> 
     </span>
     <span class='ocr_line' id='line_1_9' title="bbox 230 1253 1402 1345; baseline -0.01 -15"><span class='ocrx_word' id='word_1_62' title='bbox 230 1267 268 1330; x_wconf 88' lang='lat' dir='ltr'><strong>ut</strong></span> <span class='ocrx_word' id='word_1_63' title='bbox 290 1260 407 1328; x_wconf 89' lang='lat' dir='ltr'><strong>medici</strong></span> <span class='ocrx_word' id='word_1_64' title='bbox 431 1263 643 1345; x_wconf 85' lang='lat' dir='ltr'><strong>sequerentur</strong></span> <span class='ocrx_word' id='word_1_65' title='bbox 661 1257 820 1343; x_wconf 91' lang='lat' dir='ltr'><strong>optimam</strong></span> <span class='ocrx_word' id='word_1_66' title='bbox 839 1256 1048 1342; x_wconf 81' lang='lat' dir='ltr'><strong>magistram,</strong></span> <span class='ocrx_word' id='word_1_67' title='bbox 1072 1257 1128 1321; x_wconf 90' lang='lat' dir='ltr'><strong>scd</strong></span> <span class='ocrx_word' id='word_1_68' title='bbox 1151 1279 1168 1320; x_wconf 91' lang='lat' dir='ltr'><strong>e</strong></span> <span class='ocrx_word' id='word_1_69' title='bbox 1188 1253 1268 1320; x_wconf 88' lang='lat' dir='ltr'><strong>solis</strong></span> <span class='ocrx_word' id='word_1_70' title='bbox 1287 1255 1402 1338; x_wconf 90' lang='lat' dir='ltr'><strong>libris,</strong></span> 
     </span>
     <span class='ocr_line' id='line_1_10' title="bbox 230 1362 1401 1450; baseline -0.009 -14"><span class='ocrx_word' id='word_1_71' title='bbox 230 1393 297 1436; x_wconf 88' lang='lat' dir='ltr'><strong>non</strong></span> <span class='ocrx_word' id='word_1_72' title='bbox 321 1392 338 1434; x_wconf 90' lang='lat' dir='ltr'><strong>e</strong></span> <span class='ocrx_word' id='word_1_73' title='bbox 363 1365 640 1450; x_wconf 85' lang='lat' dir='ltr'><strong>contemplatione</strong></span> <span class='ocrx_word' id='word_1_74' title='bbox 668 1370 701 1429; x_wconf 87' lang='lat' dir='ltr'><strong>et</strong></span> <span class='ocrx_word' id='word_1_75' title='bbox 730 1364 959 1430; x_wconf 77' lang='lat' dir='ltr'><strong>observatione</strong></span> <span class='ocrx_word' id='word_1_76' title='bbox 986 1367 1124 1430; x_wconf 89' lang='lat' dir='ltr'><strong>naturae</strong></span> <span class='ocrx_word' id='word_1_77' title='bbox 1151 1362 1270 1428; x_wconf 85' lang='lat' dir='ltr'><strong>haustu</strong></span> <span class='ocrx_word' id='word_1_78' title='bbox 1299 1385 1401 1446; x_wconf 88' lang='lat' dir='ltr'><strong>prae—</strong></span> 
     </span>
     <span class='ocr_line' id='line_1_11' title="bbox 232 1467 1401 1563; baseline -0.009 -20"><span class='ocrx_word' id='word_1_79' title='bbox 232 1481 328 1563; x_wconf 87' lang='lat' dir='ltr'><strong>cepta</strong></span> <span class='ocrx_word' id='word_1_80' title='bbox 351 1475 391 1542; x_wconf 89' lang='lat' dir='ltr'><strong>ad</strong></span> <span class='ocrx_word' id='word_1_81' title='bbox 415 1477 518 1540; x_wconf 81' lang='lat' dir='ltr'><strong>arteni</strong></span> <span class='ocrx_word' id='word_1_82' title='bbox 543 1473 754 1538; x_wconf 84' lang='lat' dir='ltr'><strong>exercendam</strong></span> <span class='ocrx_word' id='word_1_83' title='bbox 778 1471 934 1538; x_wconf 88' lang='lat' dir='ltr'><strong>adhibere</strong></span> <span class='ocrx_word' id='word_1_84' title='bbox 958 1472 1121 1538; x_wconf 76' lang='lat' dir='ltr'><strong>solebant.</strong></span> <span class='ocrx_word' id='word_1_85' title='bbox 1155 1467 1401 1536; x_wconf 80' lang='lat' dir='ltr'><strong>Commentarii</strong></span> 
     </span>
     <span class='ocr_line' id='line_1_12' title="bbox 233 1576 1402 1668; baseline -0.004 -21"><span class='ocrx_word' id='word_1_86' title='bbox 233 1582 318 1648; x_wconf 85' lang='lat' dir='ltr'><strong>vasti</strong></span> <span class='ocrx_word' id='word_1_87' title='bbox 341 1585 375 1646; x_wconf 91' lang='lat' dir='ltr'><strong>et</strong></span> <span class='ocrx_word' id='word_1_88' title='bbox 396 1581 546 1668; x_wconf 82' lang='lat' dir='ltr'><strong>ingentes</strong></span> <span class='ocrx_word' id='word_1_89' title='bbox 570 1581 732 1664; x_wconf 81' lang='lat' dir='ltr'><strong>Arabum,</strong></span> <span class='ocrx_word' id='word_1_90' title='bbox 761 1581 950 1666; x_wconf 87' lang='lat' dir='ltr'><strong>plerumque</strong></span> <span class='ocrx_word' id='word_1_91' title='bbox 979 1579 1120 1666; x_wconf 83' lang='lat' dir='ltr'><strong>pessime</strong></span> <span class='ocrx_word' id='word_1_92' title='bbox 1147 1577 1249 1642; x_wconf 87' lang='lat' dir='ltr'><strong>latine</strong></span> <span class='ocrx_word' id='word_1_93' title='bbox 1274 1576 1402 1642; x_wconf 75' lang='lat' dir='ltr'><strong>redditi</strong></span> 
     </span>
     <span class='ocr_line' id='line_1_13' title="bbox 233 1685 1402 1774; baseline -0.005 -19"><span class='ocrx_word' id='word_1_94' title='bbox 233 1689 369 1774; x_wconf 89' lang='lat' dir='ltr'><strong>ideoque</strong></span> <span class='ocrx_word' id='word_1_95' title='bbox 393 1688 433 1753; x_wconf 91' lang='lat' dir='ltr'><strong>ad</strong></span> <span class='ocrx_word' id='word_1_96' title='bbox 458 1689 680 1754; x_wconf 84' lang='lat' dir='ltr'><strong>obscurandas</strong></span> <span class='ocrx_word' id='word_1_97' title='bbox 704 1689 811 1770; x_wconf 65' lang='lat' dir='ltr'><strong>magis</strong></span> <span class='ocrx_word' id='word_1_98' title='bbox 832 1711 930 1772; x_wconf 86' lang='lat' dir='ltr'><strong>quma</strong></span> <span class='ocrx_word' id='word_1_99' title='bbox 954 1685 1166 1752; x_wconf 88' lang='lat' dir='ltr'><strong>illustrandas</strong></span> <span class='ocrx_word' id='word_1_100' title='bbox 1191 1706 1241 1748; x_wconf 85' lang='lat' dir='ltr'><strong>res</strong></span> <span class='ocrx_word' id='word_1_101' title='bbox 1266 1705 1402 1749; x_wconf 91' lang='lat' dir='ltr'><strong>accom-</strong></span> 
     </span>
     <span class='ocr_line' id='line_1_14' title="bbox 233 1791 1402 1878; baseline -0.007 -15"><span class='ocrx_word' id='word_1_102' title='bbox 233 1795 358 1862; x_wconf 85' lang='lat' dir='ltr'><strong>modati</strong></span> <span class='ocrx_word' id='word_1_103' title='bbox 380 1795 415 1860; x_wconf 92' lang='lat' dir='ltr'><strong>in</strong></span> <span class='ocrx_word' id='word_1_104' title='bbox 438 1795 547 1860; x_wconf 80' lang='lat' dir='ltr'><strong>locrrm</strong></span> <span class='ocrx_word' id='word_1_105' title='bbox 572 1795 789 1860; x_wconf 78' lang='lat' dir='ltr'><strong>succedebant</strong></span> <span class='ocrx_word' id='word_1_106' title='bbox 812 1817 923 1860; x_wconf 89' lang='lat' dir='ltr'><strong>eornm</strong></span> <span class='ocrx_word' id='word_1_107' title='bbox 952 1794 1126 1878; x_wconf 87' lang='lat' dir='ltr'><strong>librorum,</strong></span> <span class='ocrx_word' id='word_1_108' title='bbox 1153 1791 1272 1876; x_wconf 88' lang='lat' dir='ltr'><strong>quibus</strong></span> <span class='ocrx_word' id='word_1_109' title='bbox 1296 1795 1402 1856; x_wconf 88' lang='lat' dir='ltr'><strong>antea</strong></span> 
     </span>
     <span class='ocr_line' id='line_1_15' title="bbox 233 1897 1402 1987; baseline -0.004 -18"><span class='ocrx_word' id='word_1_110' title='bbox 233 1903 286 1969; x_wconf 90' lang='lat' dir='ltr'><strong>usi</strong></span> <span class='ocrx_word' id='word_1_111' title='bbox 309 1907 402 1968; x_wconf 89' lang='lat' dir='ltr'><strong>erant</strong></span> <span class='ocrx_word' id='word_1_112' title='bbox 429 1923 446 1967; x_wconf 88' lang='lat' dir='ltr'><strong>e</strong></span> <span class='ocrx_word' id='word_1_113' title='bbox 475 1901 587 1968; x_wconf 84' lang='lat' dir='ltr'><strong>schola</strong></span> <span class='ocrx_word' id='word_1_114' title='bbox 613 1901 820 1968; x_wconf 76' lang='lat' dir='ltr'><strong>Salernitana</strong></span> <span class='ocrx_word' id='word_1_115' title='bbox 848 1901 1013 1987; x_wconf 84' lang='lat' dir='ltr'><strong>protectis.</strong></span> <span class='ocrx_word' id='word_1_116' title='bbox 1060 1899 1201 1966; x_wconf 73' lang='lat' dir='ltr'><strong>Galenus</strong></span> <span class='ocrx_word' id='word_1_117' title='bbox 1230 1897 1332 1984; x_wconf 80' lang='lat' dir='ltr'><strong>igitur</strong></span> <span class='ocrx_word' id='word_1_118' title='bbox 1361 1899 1402 1964; x_wconf 93' lang='lat' dir='ltr'><strong>in</strong></span> 
     </span>
     <span class='ocr_line' id='line_1_16' title="bbox 234 2007 1402 2097; baseline -0.003 -21"><span class='ocrx_word' id='word_1_119' title='bbox 234 2031 370 2097; x_wconf 80' lang='lat' dir='ltr'><strong>regnum</strong></span> <span class='ocrx_word' id='word_1_120' title='bbox 390 2031 410 2074; x_wconf 86' lang='lat' dir='ltr'><strong>a</strong></span> <span class='ocrx_word' id='word_1_121' title='bbox 428 2007 563 2075; x_wconf 86' lang='lat' dir='ltr'><strong>medicis</strong></span> <span class='ocrx_word' id='word_1_122' title='bbox 583 2009 732 2074; x_wconf 90' lang='lat' dir='ltr'><strong>sublatus</strong></span> <span class='ocrx_word' id='word_1_123' title='bbox 753 2015 816 2094; x_wconf 80' lang='lat' dir='ltr'><strong>est,</strong></span> <span class='ocrx_word' id='word_1_124' title='bbox 840 2009 972 2092; x_wconf 88' lang='lat' dir='ltr'><strong>sedita,</strong></span> <span class='ocrx_word' id='word_1_125' title='bbox 995 2015 1032 2072; x_wconf 89' lang='lat' dir='ltr'><strong>nt</strong></span> <span class='ocrx_word' id='word_1_126' title='bbox 1045 2029 1112 2073; x_wconf 91' lang='lat' dir='ltr'><strong>non</strong></span> <span class='ocrx_word' id='word_1_127' title='bbox 1128 2013 1194 2070; x_wconf 75' lang='lat' dir='ltr'><strong>tenu</strong></span> <span class='ocrx_word' id='word_1_128' title='bbox 1211 2007 1281 2092; x_wconf 87' lang='lat' dir='ltr'><strong>ipse</strong></span> <span class='ocrx_word' id='word_1_129' title='bbox 1296 2029 1402 2091; x_wconf 76' lang='lat' dir='ltr'><strong>quana</strong></span> 
     </span>
     <span class='ocr_line' id='line_1_17' title="bbox 235 2115 1403 2202; baseline -0.003 -19"><span class='ocrx_word' id='word_1_130' title='bbox 235 2122 387 2202; x_wconf 88' lang='lat' dir='ltr'><strong>satrapae</strong></span> <span class='ocrx_word' id='word_1_131' title='bbox 419 2116 583 2202; x_wconf 80' lang='lat' dir='ltr'><strong>peregrini</strong></span> <span class='ocrx_word' id='word_1_132' title='bbox 621 2121 797 2202; x_wconf 79' lang='lat' dir='ltr'><strong>regnarent</strong></span> <span class='ocrx_word' id='word_1_133' title='bbox 829 2117 1037 2201; x_wconf 83' lang='lat' dir='ltr'><strong>eruditosque</strong></span> <span class='ocrx_word' id='word_1_134' title='bbox 1070 2115 1220 2180; x_wconf 90' lang='lat' dir='ltr'><strong>iuberent</strong></span> <span class='ocrx_word' id='word_1_135' title='bbox 1251 2119 1403 2180; x_wconf 88' lang='lat' dir='ltr'><strong>mentem</strong></span> 
     </span>
    </p>
   </div>
   <div class='ocr_carea' id='block_1_3' title="bbox 235 2273 1406 4496">
    <p class='ocr_par' dir='ltr' id='par_1_3' title="bbox 235 2273 1406 4496">
     <span class='ocr_line' id='line_1_18' title="bbox 235 2273 1403 2344; baseline -0.001 -14"><span class='ocrx_word' id='word_1_136' title='bbox 235 2275 404 2332; x_wconf 86' lang='lat' dir='ltr'><strong>documento</strong></span> <span class='ocrx_word' id='word_1_137' title='bbox 424 2277 480 2342; x_wconf 82' lang='lat' dir='ltr'><strong>est,</strong></span> <span class='ocrx_word' id='word_1_138' title='bbox 499 2273 575 2344; x_wconf 87' lang='lat' dir='ltr'><strong>quod</strong></span> <span class='ocrx_word' id='word_1_139' title='bbox 590 2274 640 2330; x_wconf 89' lang='lat' dir='ltr'><strong>ibn</strong></span> <span class='ocrx_word' id='word_1_140' title='bbox 656 2273 710 2329; x_wconf 82' lang='lat' dir='ltr'><strong>Abi</strong></span> <span class='ocrx_word' id='word_1_141' title='bbox 726 2274 853 2343; x_wconf 84' lang='lat' dir='ltr'><strong>Oseibia,</strong></span> <span class='ocrx_word' id='word_1_142' title='bbox 872 2278 971 2330; x_wconf 86' lang='lat' dir='ltr'><strong>auctor</strong></span> <span class='ocrx_word' id='word_1_143' title='bbox 983 2273 1118 2329; x_wconf 81' lang='lat' dir='ltr'><strong>historiae</strong></span> <span class='ocrx_word' id='word_1_144' title='bbox 1133 2273 1305 2330; x_wconf 85' lang='lat' dir='ltr'><strong>medicorum</strong></span> <span class='ocrx_word' id='word_1_145' title='bbox 1319 2275 1403 2343; x_wconf 87' lang='lat' dir='ltr'><strong>apud</strong></span> 
     </span>
     <span class='ocr_line' id='line_1_19' title="bbox 236 2362 1402 2428; baseline -0.002 -8"><span class='ocrx_word' id='word_1_146' title='bbox 236 2364 343 2420; x_wconf 72' lang='lat' dir='ltr'><strong>Arabes</strong></span> <span class='ocrx_word' id='word_1_147' title='bbox 361 2383 382 2420; x_wconf 85' lang='lat' dir='ltr'><strong>s.</strong></span> <span class='ocrx_word' id='word_1_148' title='bbox 401 2363 467 2419; x_wconf 82' lang='lat' dir='ltr'><strong>xnl</strong></span> <span class='ocrx_word' id='word_1_149' title='bbox 490 2364 671 2428; x_wconf 75' lang='lat' dir='ltr'><strong>clarissimus,</strong></span> <span class='ocrx_word' id='word_1_150' title='bbox 694 2363 724 2418; x_wconf 89' lang='lat' dir='ltr'><strong>in</strong></span> <span class='ocrx_word' id='word_1_151' title='bbox 745 2365 893 2420; x_wconf 86' lang='lat' dir='ltr'><strong>‘Fontibus</strong></span> <span class='ocrx_word' id='word_1_152' title='bbox 912 2363 1081 2420; x_wconf 86' lang='lat' dir='ltr'><strong>relationum</strong></span> <span class='ocrx_word' id='word_1_153' title='bbox 1099 2363 1134 2418; x_wconf 88' lang='lat' dir='ltr'><strong>de</strong></span> <span class='ocrx_word' id='word_1_154' title='bbox 1153 2362 1289 2418; x_wconf 80' lang='lat' dir='ltr'><strong>classibus</strong></span> <span class='ocrx_word' id='word_1_155' title='bbox 1307 2363 1402 2418; x_wconf 89' lang='lat' dir='ltr'><strong>rnedi-</strong></span> 
     </span>
     <span class='ocr_line' id='line_1_20' title="bbox 236 2449 1406 2522; baseline -0.003 -10"><span class='ocrx_word' id='word_1_156' title='bbox 236 2453 343 2512; x_wconf 84' lang='lat' dir='ltr'><strong>corum‘</strong></span> <span class='ocrx_word' id='word_1_157' title='bbox 364 2453 555 2510; x_wconf 70' lang='lat' dir='ltr'><strong>Iohannitiunr</strong></span> <span class='ocrx_word' id='word_1_158' title='bbox 575 2453 610 2508; x_wconf 86' lang='lat' dir='ltr'><strong>de</strong></span> <span class='ocrx_word' id='word_1_159' title='bbox 623 2453 675 2508; x_wconf 70' lang='lat' dir='ltr'><strong>XV</strong></span> <span class='ocrx_word' id='word_1_160' title='bbox 695 2453 773 2508; x_wconf 86' lang='lat' dir='ltr'><strong>libris</strong></span> <span class='ocrx_word' id='word_1_161' title='bbox 788 2452 887 2509; x_wconf 86' lang='lat' dir='ltr'><strong>Galeni</strong></span> <span class='ocrx_word' id='word_1_162' title='bbox 906 2453 971 2520; x_wconf 73' lang='lat' dir='ltr'><strong>neat</strong></span> <span class='ocrx_word' id='word_1_163' title='bbox 989 2449 1176 2520; x_wconf 70' lang='grc' dir='ltr'><strong>ἀποδείξεως,</strong></span> <span class='ocrx_word' id='word_1_164' title='bbox 1195 2471 1266 2522; x_wconf 87' lang='lat' dir='ltr'><strong>quos</strong></span> <span class='ocrx_word' id='word_1_165' title='bbox 1285 2462 1406 2522; x_wconf 83' lang='lat' dir='ltr'><strong>practer</strong></span> 
     </span>
     <span class='ocr_line' id='line_1_21' title="bbox 237 2537 1403 2614; baseline -0.003 -15"><span class='ocrx_word' id='word_1_166' title='bbox 237 2537 323 2600; x_wconf 85' lang='lat' dir='ltr'><strong>unum</strong></span> <span class='ocrx_word' id='word_1_167' title='bbox 342 2543 530 2614; x_wconf 77' lang='lat' dir='ltr'><strong>fragmentum</strong></span> <span class='ocrx_word' id='word_1_168' title='bbox 549 2561 621 2597; x_wconf 88' lang='lat' dir='ltr'><strong>nune</strong></span> <span class='ocrx_word' id='word_1_169' title='bbox 641 2543 816 2598; x_wconf 77' lang='lat' dir='ltr'><strong>intercidisse</strong></span> <span class='ocrx_word' id='word_1_170' title='bbox 835 2546 958 2611; x_wconf 88' lang='lat' dir='ltr'><strong>constat,</strong></span> <span class='ocrx_word' id='word_1_171' title='bbox 978 2545 1138 2598; x_wconf 84' lang='lat' dir='ltr'><strong>nannutem</strong></span> <span class='ocrx_word' id='word_1_172' title='bbox 1157 2542 1226 2598; x_wconf 82' lang='lat' dir='ltr'><strong>iacit</strong></span> <span class='ocrx_word' id='word_1_173' title='bbox 1245 2543 1319 2599; x_wconf 89' lang='lat' dir='ltr'><strong>hunc</strong></span> <span class='ocrx_word' id='word_1_174' title='bbox 1338 2542 1403 2600; x_wconf 83' lang='lat' dir='ltr'><strong>lero</strong></span> 
     </span>
     <span class='ocr_line' id='line_1_22' title="bbox 236 2631 1403 2702; baseline 0.001 -14"><span class='ocrx_word' id='word_1_175' title='bbox 236 2635 266 2688; x_wconf 92' lang='lat' dir='ltr'><strong>in</strong></span> <span class='ocrx_word' id='word_1_176' title='bbox 285 2634 413 2688; x_wconf 86' lang='lat' dir='ltr'><strong>modum:</strong></span> <span class='ocrx_word' id='word_1_177' title='bbox 438 2631 618 2702; x_wconf 67' lang='lat' dir='ltr'><strong>‘aequalium</strong></span> <span class='ocrx_word' id='word_1_178' title='bbox 638 2636 796 2688; x_wconf 82' lang='lat' dir='ltr'><strong>nostrorum</strong></span> <span class='ocrx_word' id='word_1_179' title='bbox 816 2632 921 2687; x_wconf 82' lang='lat' dir='ltr'><strong>nemini</strong></span> <span class='ocrx_word' id='word_1_180' title='bbox 940 2632 1072 2702; x_wconf 79' lang='lat' dir='ltr'><strong>contigit,</strong></span> <span class='ocrx_word' id='word_1_181' title='bbox 1096 2645 1128 2688; x_wconf 82' lang='lat' dir='ltr'><strong>ut</strong></span> <span class='ocrx_word' id='word_1_182' title='bbox 1145 2631 1283 2688; x_wconf 84' lang='lat' dir='ltr'><strong>Graecum</strong></span> <span class='ocrx_word' id='word_1_183' title='bbox 1303 2651 1403 2689; x_wconf 82' lang='lat' dir='ltr'><strong>exorn-</strong></span> 
     </span>
     <span class='ocr_line' id='line_1_23' title="bbox 237 2721 1403 2794; baseline 0.001 -16"><span class='ocrx_word' id='word_1_184' title='bbox 237 2723 300 2794; x_wconf 86' lang='lat' dir='ltr'><strong>plar</strong></span> <span class='ocrx_word' id='word_1_185' title='bbox 317 2721 458 2792; x_wconf 77' lang='lat' dir='ltr'><strong>integmm</strong></span> <span class='ocrx_word' id='word_1_186' title='bbox 473 2722 576 2792; x_wconf 77' lang='lat' dir='ltr'><strong>operis,</strong></span> <span class='ocrx_word' id='word_1_187' title='bbox 596 2723 672 2790; x_wconf 89' lang='lat' dir='ltr'><strong>qnod</strong></span> <span class='ocrx_word' id='word_1_188' title='bbox 687 2735 728 2777; x_wconf 81' lang='lat' dir='ltr'><strong>est</strong></span> <span class='ocrx_word' id='word_1_189' title='bbox 744 2723 778 2776; x_wconf 88' lang='lat' dir='ltr'><strong>de</strong></span> <span class='ocrx_word' id='word_1_190' title='bbox 793 2723 1043 2790; x_wconf 82' lang='lat' dir='ltr'><strong>demonstratione,</strong></span> <span class='ocrx_word' id='word_1_191' title='bbox 1063 2721 1206 2792; x_wconf 87' lang='lat' dir='ltr'><strong>reperiret,</strong></span> <span class='ocrx_word' id='word_1_192' title='bbox 1225 2740 1403 2792; x_wconf 86' lang='lat' dir='ltr'><strong>quamquam</strong></span> 
     </span>
     <span class='ocr_line' id='line_1_24' title="bbox 238 2811 1404 2883; baseline 0 -14"><span class='ocrx_word' id='word_1_193' title='bbox 238 2817 268 2869; x_wconf 81' lang='lat' dir='ltr'><strong>et</strong></span> <span class='ocrx_word' id='word_1_194' title='bbox 287 2811 427 2868; x_wconf 85' lang='lat' dir='ltr'><strong>Dsehibn&#39;l</strong></span> <span class='ocrx_word' id='word_1_195' title='bbox 445 2812 515 2880; x_wconf 87' lang='lat' dir='ltr'><strong>(Bon</strong></span> <span class='ocrx_word' id='word_1_196' title='bbox 534 2811 628 2867; x_wconf 85' lang='lat' dir='ltr'><strong>Bokht</strong></span> <span class='ocrx_word' id='word_1_197' title='bbox 646 2813 760 2878; x_wconf 78' lang='lat' dir='ltr'><strong>Jeschul</strong></span> <span class='ocrx_word' id='word_1_198' title='bbox 780 2811 816 2867; x_wconf 92' lang='lat' dir='ltr'><strong>ad</strong></span> <span class='ocrx_word' id='word_1_199' title='bbox 835 2811 1063 2882; x_wconf 76' lang='lat' dir='ltr'><strong>investigandum</strong></span> <span class='ocrx_word' id='word_1_200' title='bbox 1085 2827 1188 2883; x_wconf 75' lang='lat' dir='ltr'><strong>magno</strong></span> <span class='ocrx_word' id='word_1_201' title='bbox 1207 2829 1291 2883; x_wconf 88' lang='lat' dir='ltr'><strong>opere</strong></span> <span class='ocrx_word' id='word_1_202' title='bbox 1309 2811 1404 2869; x_wconf 80' lang='lat' dir='ltr'><strong>liorni-</strong></span> 
     </span>
     <span class='ocr_line' id='line_1_25' title="bbox 238 2899 1403 2973; baseline 0.001 -15"><span class='ocrx_word' id='word_1_203' title='bbox 238 2921 287 2958; x_wconf 84' lang='lat' dir='ltr'><strong>nes</strong></span> <span class='ocrx_word' id='word_1_204' title='bbox 306 2901 472 2956; x_wconf 80' lang='lat' dir='ltr'><strong>adhortatus</strong></span> <span class='ocrx_word' id='word_1_205' title='bbox 491 2906 552 2957; x_wconf 87' lang='lat' dir='ltr'><strong>erat</strong></span> <span class='ocrx_word' id='word_1_206' title='bbox 571 2912 599 2958; x_wconf 89' lang='lat' dir='ltr'><strong>et</strong></span> <span class='ocrx_word' id='word_1_207' title='bbox 618 2919 671 2971; x_wconf 82' lang='lat' dir='ltr'><strong>ego</strong></span> <span class='ocrx_word' id='word_1_208' title='bbox 690 2899 749 2970; x_wconf 81' lang='lat' dir='ltr'><strong>ipse</strong></span> <span class='ocrx_word' id='word_1_209' title='bbox 768 2901 797 2955; x_wconf 93' lang='lat' dir='ltr'><strong>in</strong></span> <span class='ocrx_word' id='word_1_210' title='bbox 817 2917 850 2956; x_wconf 86' lang='lat' dir='ltr'><strong>ea</strong></span> <span class='ocrx_word' id='word_1_211' title='bbox 868 2917 898 2956; x_wconf 87' lang='lat' dir='ltr'><strong>re</strong></span> <span class='ocrx_word' id='word_1_212' title='bbox 918 2919 1055 2958; x_wconf 80' lang='lat' dir='ltr'><strong>summam</strong></span> <span class='ocrx_word' id='word_1_213' title='bbox 1074 2901 1191 2958; x_wconf 84' lang='lat' dir='ltr'><strong>adhibui</strong></span> <span class='ocrx_word' id='word_1_214' title='bbox 1210 2903 1403 2973; x_wconf 81' lang='lat' dir='ltr'><strong>diligentiam,</strong></span> 
     </span>
     <span class='ocr_line' id='line_1_26' title="bbox 238 2991 1403 3064; baseline 0.003 -17"><span class='ocrx_word' id='word_1_215' title='bbox 238 2995 330 3048; x_wconf 86' lang='lat' dir='ltr'><strong>totam</strong></span> <span class='ocrx_word' id='word_1_216' title='bbox 348 2991 581 3061; x_wconf 76' lang='lat' dir='ltr'><strong>Mesopotamiam</strong></span> <span class='ocrx_word' id='word_1_217' title='bbox 605 2995 634 3046; x_wconf 89' lang='lat' dir='ltr'><strong>et</strong></span> <span class='ocrx_word' id='word_1_218' title='bbox 657 2991 779 3060; x_wconf 66' lang='lat' dir='ltr'><strong>Syriam,</strong></span> <span class='ocrx_word' id='word_1_219' title='bbox 802 2991 991 3048; x_wconf 83' lang='lat' dir='ltr'><strong>Palaestinam</strong></span> <span class='ocrx_word' id='word_1_220' title='bbox 1017 3001 1045 3048; x_wconf 86' lang='lat' dir='ltr'><strong>et</strong></span> <span class='ocrx_word' id='word_1_221' title='bbox 1067 2995 1228 3064; x_wconf 63' lang='lat' dir='ltr'><strong>Aegyptum</strong></span> <span class='ocrx_word' id='word_1_222' title='bbox 1251 3009 1337 3064; x_wconf 80' lang='lat' dir='ltr'><strong>usqne</strong></span> <span class='ocrx_word' id='word_1_223' title='bbox 1362 2996 1403 3050; x_wconf 89' lang='lat' dir='ltr'><strong>ad</strong></span> 
     </span>
     <span class='ocr_line' id='line_1_27' title="bbox 239 3079 1406 3154; baseline 0.003 -18"><span class='ocrx_word' id='word_1_224' title='bbox 239 3079 451 3146; x_wconf 74' lang='lat' dir='ltr'><strong>Alexandriam,</strong></span> <span class='ocrx_word' id='word_1_225' title='bbox 470 3079 493 3134; x_wconf 87' lang='lat' dir='ltr'><strong>si</strong></span> <span class='ocrx_word' id='word_1_226' title='bbox 511 3080 583 3136; x_wconf 79' lang='lat' dir='ltr'><strong>forte</strong></span> <span class='ocrx_word' id='word_1_227' title='bbox 603 3080 771 3148; x_wconf 80' lang='lat' dir='ltr'><strong>irneuirenr,</strong></span> <span class='ocrx_word' id='word_1_228' title='bbox 791 3081 971 3152; x_wconf 86' lang='lat' dir='ltr'><strong>perlustrans.</strong></span> <span class='ocrx_word' id='word_1_229' title='bbox 1009 3083 1047 3137; x_wconf 78' lang='lat' dir='ltr'><strong>nt</strong></span> <span class='ocrx_word' id='word_1_230' title='bbox 1065 3083 1136 3137; x_wconf 89' lang='lat' dir='ltr'><strong>nihil</strong></span> <span class='ocrx_word' id='word_1_231' title='bbox 1155 3083 1266 3154; x_wconf 88' lang='lat' dir='ltr'><strong>repperi</strong></span> <span class='ocrx_word' id='word_1_232' title='bbox 1288 3094 1406 3153; x_wconf 82' lang='lat' dir='ltr'><strong>praeter</strong></span> 
     </span>
     <span class='ocr_line' id='line_1_28' title="bbox 239 3169 1403 3244; baseline 0.002 -19"><span class='ocrx_word' id='word_1_233' title='bbox 239 3175 339 3225; x_wconf 84' lang='lat' dir='ltr'><strong>trunca</strong></span> <span class='ocrx_word' id='word_1_234' title='bbox 357 3169 496 3239; x_wconf 87' lang='lat' dir='ltr'><strong>quaedam</strong></span> <span class='ocrx_word' id='word_1_235' title='bbox 515 3169 544 3224; x_wconf 91' lang='lat' dir='ltr'><strong>in</strong></span> <span class='ocrx_word' id='word_1_236' title='bbox 564 3170 632 3224; x_wconf 87' lang='lat' dir='ltr'><strong>urbo</strong></span> <span class='ocrx_word' id='word_1_237' title='bbox 652 3171 796 3224; x_wconf 76' lang='lat' dir='ltr'><strong>Damasco.</strong></span> <span class='ocrx_word' id='word_1_238' title='bbox 830 3171 971 3226; x_wconf 74' lang='lat' dir='ltr'><strong>Dschibril</strong></span> <span class='ocrx_word' id='word_1_239' title='bbox 989 3171 1049 3242; x_wconf 78' lang='lat' dir='ltr'><strong>ipse</strong></span> <span class='ocrx_word' id='word_1_240' title='bbox 1068 3189 1179 3242; x_wconf 88' lang='lat' dir='ltr'><strong>quoquc</strong></span> <span class='ocrx_word' id='word_1_241' title='bbox 1199 3172 1307 3229; x_wconf 84' lang='lat' dir='ltr'><strong>inrcnit</strong></span> <span class='ocrx_word' id='word_1_242' title='bbox 1325 3171 1403 3244; x_wconf 75' lang='lat' dir='ltr'><strong>trag-</strong></span> 
     </span>
     <span class='ocr_line' id='line_1_29' title="bbox 240 3258 1403 3331; baseline 0.004 -18"><span class='ocrx_word' id='word_1_243' title='bbox 240 3262 336 3314; x_wconf 83' lang='lat' dir='ltr'><strong>menta</strong></span> <span class='ocrx_word' id='word_1_244' title='bbox 361 3259 499 3328; x_wconf 88' lang='lat' dir='ltr'><strong>quaedam</strong></span> <span class='ocrx_word' id='word_1_245' title='bbox 526 3258 636 3328; x_wconf 79' lang='lat' dir='ltr'><strong>singula</strong></span> <span class='ocrx_word' id='word_1_246' title='bbox 661 3259 770 3314; x_wconf 82' lang='lat' dir='ltr'><strong>etalio</strong></span> <span class='ocrx_word' id='word_1_247' title='bbox 794 3261 907 3329; x_wconf 88' lang='lat' dir='ltr'><strong>quidem</strong></span> <span class='ocrx_word' id='word_1_248' title='bbox 929 3265 1014 3331; x_wconf 87' lang='lat' dir='ltr'><strong>atque</strong></span> <span class='ocrx_word' id='word_1_249' title='bbox 1039 3277 1098 3330; x_wconf 82' lang='lat' dir='ltr'><strong>ego.</strong></span> <span class='ocrx_word' id='word_1_250' title='bbox 1143 3261 1219 3326; x_wconf 74' lang='lat' dir='ltr'><strong>tluao</strong></span> <span class='ocrx_word' id='word_1_251' title='bbox 1243 3262 1403 3330; x_wconf 81' lang='lat' dir='ltr'><strong>exstabant,</strong></span> 
     </span>
     <span class='ocr_line' id='line_1_30' title="bbox 241 3347 1402 3420; baseline 0.002 -16"><span class='ocrx_word' id='word_1_252' title='bbox 241 3349 314 3405; x_wconf 77' lang='lat' dir='ltr'><strong>lliub</strong></span> <span class='ocrx_word' id='word_1_253' title='bbox 332 3349 430 3415; x_wconf 83' lang='lat' dir='ltr'><strong>vertit;</strong></span> <span class='ocrx_word' id='word_1_254' title='bbox 454 3347 585 3419; x_wconf 89' lang='lat' dir='ltr'><strong>equidem</strong></span> <span class='ocrx_word' id='word_1_255' title='bbox 610 3349 663 3403; x_wconf 84' lang='lat' dir='ltr'><strong>nisi</strong></span> <span class='ocrx_word' id='word_1_256' title='bbox 686 3362 749 3419; x_wconf 83' lang='lat' dir='ltr'><strong>post</strong></span> <span class='ocrx_word' id='word_1_257' title='bbox 772 3351 903 3405; x_wconf 86' lang='lat' dir='ltr'><strong>absoluta</strong></span> <span class='ocrx_word' id='word_1_258' title='bbox 924 3350 1028 3420; x_wconf 79' lang='lat' dir='ltr'><strong>integri</strong></span> <span class='ocrx_word' id='word_1_259' title='bbox 1048 3351 1139 3420; x_wconf 80' lang='lat' dir='ltr'><strong>operis</strong></span> <span class='ocrx_word' id='word_1_260' title='bbox 1158 3353 1192 3418; x_wconf 70' lang='lat'><strong>(2³)</strong></span> <span class='ocrx_word' id='word_1_261' title='bbox 1211 3351 1303 3405; x_wconf 86' lang='lat' dir='ltr'><strong>studia</strong></span> <span class='ocrx_word' id='word_1_262' title='bbox 1322 3351 1402 3407; x_wconf 92' lang='lat' dir='ltr'><strong>nolui</strong></span> 
     </span>
     <span class='ocr_line' id='line_1_31' title="bbox 240 3439 1402 3511; baseline 0 -15"><span class='ocrx_word' id='word_1_263' title='bbox 240 3439 395 3511; x_wconf 88' lang='lat' dir='ltr'><strong>quidquam</strong></span> <span class='ocrx_word' id='word_1_264' title='bbox 414 3443 531 3508; x_wconf 79' lang='lat' dir='ltr'><strong>uertere,</strong></span> <span class='ocrx_word' id='word_1_265' title='bbox 551 3457 615 3494; x_wconf 87' lang='lat' dir='ltr'><strong>cum</strong></span> <span class='ocrx_word' id='word_1_266' title='bbox 630 3439 755 3494; x_wconf 86' lang='lat' dir='ltr'><strong>tantulae</strong></span> <span class='ocrx_word' id='word_1_267' title='bbox 770 3444 945 3509; x_wconf 68' lang='lat' dir='ltr'><strong>superessent</strong></span> <span class='ocrx_word' id='word_1_268' title='bbox 964 3440 1100 3510; x_wconf 84' lang='lat' dir='ltr'><strong>reliquiae</strong></span> <span class='ocrx_word' id='word_1_269' title='bbox 1119 3442 1148 3494; x_wconf 89' lang='lat' dir='ltr'><strong>et</strong></span> <span class='ocrx_word' id='word_1_270' title='bbox 1165 3457 1211 3494; x_wconf 85' lang='lat' dir='ltr'><strong>rue</strong></span> <span class='ocrx_word' id='word_1_271' title='bbox 1230 3439 1402 3496; x_wconf 76' lang='lat' dir='ltr'><strong>desiderium</strong></span> 
     </span>
     <span class='ocr_line' id='line_1_32' title="bbox 241 3527 1401 3600; baseline 0 -14"><span class='ocrx_word' id='word_1_272' title='bbox 241 3529 360 3600; x_wconf 81' lang='lat' dir='ltr'><strong>cepisset</strong></span> <span class='ocrx_word' id='word_1_273' title='bbox 379 3529 470 3600; x_wconf 82' lang='lat' dir='ltr'><strong>operis</strong></span> <span class='ocrx_word' id='word_1_274' title='bbox 489 3527 601 3599; x_wconf 73' lang='lat' dir='ltr'><strong>integri.</strong></span> <span class='ocrx_word' id='word_1_275' title='bbox 638 3529 740 3584; x_wconf 83' lang='lat' dir='ltr'><strong>Postea</strong></span> <span class='ocrx_word' id='word_1_276' title='bbox 763 3535 858 3584; x_wconf 86' lang='lat' dir='ltr'><strong>tamen</strong></span> <span class='ocrx_word' id='word_1_277' title='bbox 877 3529 987 3584; x_wconf 81' lang='lat' dir='ltr'><strong>reddidi</strong></span> <span class='ocrx_word' id='word_1_278' title='bbox 1007 3530 1125 3598; x_wconf 54' lang='lat' dir='ltr'><strong>syriace,</strong></span> <span class='ocrx_word' id='word_1_279' title='bbox 1145 3546 1218 3599; x_wconf 86' lang='lat' dir='ltr'><strong>qnae</strong></span> <span class='ocrx_word' id='word_1_280' title='bbox 1232 3529 1401 3597; x_wconf 78' lang='lat' dir='ltr'><strong>&#39;exstabaut;</strong></span> 
     </span>
     <span class='ocr_line' id='line_1_33' title="bbox 241 3619 1402 3690; baseline -0.002 -14"><span class='ocrx_word' id='word_1_281' title='bbox 241 3623 322 3677; x_wconf 77' lang='lat' dir='ltr'><strong>orant</strong></span> <span class='ocrx_word' id='word_1_282' title='bbox 340 3625 435 3676; x_wconf 88' lang='lat' dir='ltr'><strong>autem</strong></span> <span class='ocrx_word' id='word_1_283' title='bbox 453 3620 609 3690; x_wconf 86' lang='lat' dir='ltr'><strong>particulae</strong></span> <span class='ocrx_word' id='word_1_284' title='bbox 628 3619 711 3689; x_wconf 86' lang='lat' dir='ltr'><strong>primi</strong></span> <span class='ocrx_word' id='word_1_285' title='bbox 731 3622 764 3685; x_wconf 70' lang='lat' dir='ltr'><strong>rr)</strong></span> <span class='ocrx_word' id='word_1_286' title='bbox 784 3623 813 3674; x_wconf 86' lang='lat' dir='ltr'><strong>et</strong></span> <span class='ocrx_word' id='word_1_287' title='bbox 831 3619 944 3674; x_wconf 83' lang='lat' dir='ltr'><strong>secundi</strong></span> <span class='ocrx_word' id='word_1_288' title='bbox 962 3619 1042 3690; x_wconf 84' lang='lat' dir='ltr'><strong>libri,</strong></span> <span class='ocrx_word' id='word_1_289' title='bbox 1061 3619 1151 3675; x_wconf 86' lang='lat' dir='ltr'><strong>maior</strong></span> <span class='ocrx_word' id='word_1_290' title='bbox 1170 3637 1232 3690; x_wconf 88' lang='lat' dir='ltr'><strong>pars</strong></span> <span class='ocrx_word' id='word_1_291' title='bbox 1252 3619 1340 3686; x_wconf 87' lang='lat' dir='ltr'><strong>tertii,</strong></span> <span class='ocrx_word' id='word_1_292' title='bbox 1358 3619 1402 3674; x_wconf 90' lang='lat' dir='ltr'><strong>al·</strong></span> 
     </span>
     <span class='ocr_line' id='line_1_34' title="bbox 243 3707 1402 3781; baseline -0.002 -15"><span class='ocrx_word' id='word_1_293' title='bbox 243 3717 333 3766; x_wconf 88' lang='lat' dir='ltr'><strong>terum</strong></span> <span class='ocrx_word' id='word_1_294' title='bbox 357 3726 445 3781; x_wconf 89' lang='lat' dir='ltr'><strong>pacno</strong></span> <span class='ocrx_word' id='word_1_295' title='bbox 474 3707 622 3762; x_wconf 88' lang='lat' dir='ltr'><strong>dimidium</strong></span> <span class='ocrx_word' id='word_1_296' title='bbox 650 3708 741 3778; x_wconf 89' lang='lat' dir='ltr'><strong>quarti</strong></span> <span class='ocrx_word' id='word_1_297' title='bbox 771 3711 800 3763; x_wconf 87' lang='lat' dir='ltr'><strong>et</strong></span> <span class='ocrx_word' id='word_1_298' title='bbox 827 3708 899 3764; x_wconf 88' lang='lat' dir='ltr'><strong>liber</strong></span> <span class='ocrx_word' id='word_1_299' title='bbox 921 3727 1024 3769; x_wconf 80' lang='lat' dir='ltr'><strong>nonus,</strong></span> <span class='ocrx_word' id='word_1_300' title='bbox 1052 3709 1129 3762; x_wconf 74' lang='lat' dir='ltr'><strong>cuius</strong></span> <span class='ocrx_word' id='word_1_301' title='bbox 1156 3707 1268 3764; x_wconf 90' lang='lat' dir='ltr'><strong>initium</strong></span> <span class='ocrx_word' id='word_1_302' title='bbox 1295 3709 1402 3765; x_wconf 79' lang='lat' dir='ltr'><strong>demat.</strong></span> 
     </span>
     <span class='ocr_line' id='line_1_35' title="bbox 241 3797 1401 3870; baseline 0.001 -16"><span class='ocrx_word' id='word_1_303' title='bbox 241 3799 374 3870; x_wconf 85' lang='lat' dir='ltr'><strong>Reliquos</strong></span> <span class='ocrx_word' id='word_1_304' title='bbox 392 3797 479 3852; x_wconf 85' lang='lat' dir='ltr'><strong>libros</strong></span> <span class='ocrx_word' id='word_1_305' title='bbox 499 3797 664 3868; x_wconf 81' lang='lat' dir='ltr'><strong>posteriores</strong></span> <span class='ocrx_word' id='word_1_306' title='bbox 683 3797 777 3852; x_wconf 82' lang='lat' dir='ltr'><strong>inreui</strong></span> <span class='ocrx_word' id='word_1_307' title='bbox 795 3797 932 3866; x_wconf 67' lang='lat' dir='ltr'><strong>integros,</strong></span> <span class='ocrx_word' id='word_1_308' title='bbox 953 3797 1005 3854; x_wconf 88' lang='lat' dir='ltr'><strong>nisi</strong></span> <span class='ocrx_word' id='word_1_309' title='bbox 1023 3798 1099 3868; x_wconf 91' lang='lat' dir='ltr'><strong>quod</strong></span> <span class='ocrx_word' id='word_1_310' title='bbox 1118 3799 1148 3852; x_wconf 89' lang='lat' dir='ltr'><strong>in</strong></span> <span class='ocrx_word' id='word_1_311' title='bbox 1166 3797 1231 3853; x_wconf 86' lang='lat' dir='ltr'><strong>libri</strong></span> <span class='ocrx_word' id='word_1_312' title='bbox 1251 3799 1302 3852; x_wconf 77' lang='lat' dir='ltr'><strong>XV</strong></span> <span class='ocrx_word' id='word_1_313' title='bbox 1321 3803 1401 3868; x_wconf 84' lang='lat' dir='ltr'><strong>parto</strong></span> 
     </span>
     <span class='ocr_line' id='line_1_36' title="bbox 242 3886 1400 3958; baseline -0.001 -14"><span class='ocrx_word' id='word_1_314' title='bbox 242 3892 369 3944; x_wconf 85' lang='lat' dir='ltr'><strong>extrema</strong></span> <span class='ocrx_word' id='word_1_315' title='bbox 387 3905 442 3942; x_wconf 92' lang='lat' dir='ltr'><strong>nou</strong></span> <span class='ocrx_word' id='word_1_316' title='bbox 461 3887 532 3942; x_wconf 93' lang='lat' dir='ltr'><strong>nihil</strong></span> <span class='ocrx_word' id='word_1_317' title='bbox 551 3887 769 3942; x_wconf 75' lang='lat' dir='ltr'><strong>desiderabatur.</strong></span> <span class='ocrx_word' id='word_1_318' title='bbox 809 3888 851 3942; x_wconf 87' lang='lat' dir='ltr'><strong>isa</strong></span> <span class='ocrx_word' id='word_1_319' title='bbox 870 3889 928 3943; x_wconf 77' lang='lat' dir='ltr'><strong>lien</strong></span> <span class='ocrx_word' id='word_1_320' title='bbox 948 3887 1027 3956; x_wconf 83' lang='lat' dir='ltr'><strong>lahja</strong></span> <span class='ocrx_word' id='word_1_321' title='bbox 1046 3905 1092 3956; x_wconf 88' lang='lat' dir='ltr'><strong>ca,</strong></span> <span class='ocrx_word' id='word_1_322' title='bbox 1116 3905 1187 3958; x_wconf 88' lang='lat' dir='ltr'><strong>quae</strong></span> <span class='ocrx_word' id='word_1_323' title='bbox 1210 3906 1225 3944; x_wconf 89' lang='lat' dir='ltr'><strong>o</strong></span> <span class='ocrx_word' id='word_1_324' title='bbox 1245 3888 1317 3943; x_wconf 86' lang='lat' dir='ltr'><strong>libro</strong></span> <span class='ocrx_word' id='word_1_325' title='bbox 1336 3886 1400 3943; x_wconf 82' lang='lat' dir='ltr'><strong>l&#39;lil</strong></span> 
     </span>
     <span class='ocr_line' id='line_1_37' title="bbox 243 3976 1399 4047; baseline 0.002 -15"><span class='ocrx_word' id='word_1_326' title='bbox 243 3976 404 4043; x_wconf 79' lang='lat' dir='ltr'><strong>exstabant,</strong></span> <span class='ocrx_word' id='word_1_327' title='bbox 425 3979 455 4031; x_wconf 90' lang='lat' dir='ltr'><strong>et</strong></span> <span class='ocrx_word' id='word_1_328' title='bbox 474 3981 621 4047; x_wconf 87' lang='lat' dir='ltr'><strong>sequentes</strong></span> <span class='ocrx_word' id='word_1_329' title='bbox 635 3977 720 4032; x_wconf 81' lang='lat' dir='ltr'><strong>libros</strong></span> <span class='ocrx_word' id='word_1_330' title='bbox 734 3995 821 4047; x_wconf 78' lang='lat' dir='ltr'><strong>usquo</strong></span> <span class='ocrx_word' id='word_1_331' title='bbox 840 3977 875 4032; x_wconf 90' lang='lat' dir='ltr'><strong>ad</strong></span> <span class='ocrx_word' id='word_1_332' title='bbox 894 3977 1074 4033; x_wconf 86' lang='lat' dir='ltr'><strong>undecimum</strong></span> <span class='ocrx_word' id='word_1_333' title='bbox 1092 3977 1122 4033; x_wconf 89' lang='lat' dir='ltr'><strong>in</strong></span> <span class='ocrx_word' id='word_1_334' title='bbox 1140 3976 1283 4032; x_wconf 89' lang='lat' dir='ltr'><strong>arabicum</strong></span> <span class='ocrx_word' id='word_1_335' title='bbox 1302 3979 1399 4034; x_wconf 83' lang='lat' dir='ltr'><strong>rettit’</strong></span> 
     </span>
     <span class='ocr_line' id='line_1_38' title="bbox 243 4065 1402 4136; baseline 0.004 -16"><span class='ocrx_word' id='word_1_336' title='bbox 243 4066 338 4136; x_wconf 77' lang='lat' dir='ltr'><strong>(ishak</strong></span> <span class='ocrx_word' id='word_1_337' title='bbox 358 4067 415 4121; x_wconf 86' lang='lat' dir='ltr'><strong>Bon</strong></span> <span class='ocrx_word' id='word_1_338' title='bbox 434 4066 544 4122; x_wconf 87' lang='lat' dir='ltr'><strong>Honein</strong></span> <span class='ocrx_word' id='word_1_339' title='bbox 564 4079 669 4122; x_wconf 76' lang='lat' dir='ltr'><strong>eeteros</strong></span> <span class='ocrx_word' id='word_1_340' title='bbox 689 4066 790 4122; x_wconf 85' lang='lat' dir='ltr'><strong>iudea</strong></span> <span class='ocrx_word' id='word_1_341' title='bbox 810 4067 881 4123; x_wconf 89' lang='lat' dir='ltr'><strong>libro</strong></span> <span class='ocrx_word' id='word_1_342' title='bbox 901 4067 939 4122; x_wconf 78' lang='lat' dir='ltr'><strong>Xl</strong></span> <span class='ocrx_word' id='word_1_343' title='bbox 957 4067 1062 4122; x_wconf 72' lang='lat' dir='ltr'><strong>sortiti.</strong></span> <span class='ocrx_word' id='word_1_344' title='bbox 1091 4067 1165 4121; x_wconf 86' lang='lat' dir='ltr'><strong>liaeo</strong></span> <span class='ocrx_word' id='word_1_345' title='bbox 1185 4065 1272 4122; x_wconf 86' lang='lat' dir='ltr'><strong>larino</strong></span> <span class='ocrx_word' id='word_1_346' title='bbox 1291 4066 1402 4124; x_wconf 69' lang='lat' dir='ltr'><strong>recidita</strong></span> 
     </span>
     <span class='ocr_line' id='line_1_39' title="bbox 243 4155 1401 4226; baseline 0.003 -15"><span class='ocrx_word' id='word_1_347' title='bbox 243 4155 383 4226; x_wconf 79' lang='lat' dir='ltr'><strong>depronrsi</strong></span> <span class='ocrx_word' id='word_1_348' title='bbox 402 4155 558 4211; x_wconf 79' lang='lat' dir='ltr'><strong>ellanritii</strong></span> <span class='ocrx_word' id='word_1_349' title='bbox 578 4155 813 4211; x_wconf 76' lang='lat' dir='ltr'><strong>Steinschneideri</strong></span> <span class='ocrx_word' id='word_1_350' title='bbox 832 4157 867 4212; x_wconf 90' lang='lat' dir='ltr'><strong>de</strong></span> <span class='ocrx_word' id='word_1_351' title='bbox 882 4155 1020 4212; x_wconf 66' lang='lat' dir='ltr'><strong>⁴lliarabii</strong></span> <span class='ocrx_word' id='word_1_352' title='bbox 1034 4155 1198 4226; x_wconf 68' lang='lat' dir='ltr'><strong>Philosophi</strong></span> <span class='ocrx_word' id='word_1_353' title='bbox 1214 4157 1327 4212; x_wconf 68' lang='lat' dir='ltr'><strong>Arabici</strong></span> <span class='ocrx_word' id='word_1_354' title='bbox 1340 4157 1401 4214; x_wconf 82' lang='lat' dir='ltr'><strong>rita</strong></span> 
     </span>
     <span class='ocr_line' id='line_1_40' title="bbox 243 4244 1400 4318; baseline 0 -16"><span class='ocrx_word' id='word_1_355' title='bbox 243 4244 408 4316; x_wconf 83' lang='lat' dir='ltr'><strong>scriptisque</strong></span> <span class='ocrx_word' id='word_1_356' title='bbox 427 4244 514 4310; x_wconf 88' lang='lat' dir='ltr'><strong>libro,</strong></span> <span class='ocrx_word' id='word_1_357' title='bbox 536 4245 586 4315; x_wconf 91' lang='lat' dir='ltr'><strong>qui</strong></span> <span class='ocrx_word' id='word_1_358' title='bbox 609 4246 727 4301; x_wconf 77' lang='lat' dir='ltr'><strong>insertus</strong></span> <span class='ocrx_word' id='word_1_359' title='bbox 747 4251 789 4301; x_wconf 81' lang='lat' dir='ltr'><strong>cst</strong></span> <span class='ocrx_word' id='word_1_360' title='bbox 808 4245 963 4301; x_wconf 75' lang='lat' dir='ltr'><strong>Annalibus</strong></span> <span class='ocrx_word' id='word_1_361' title='bbox 988 4246 1155 4302; x_wconf 76' lang='lat' dir='ltr'><strong>Acirdenriae</strong></span> <span class='ocrx_word' id='word_1_362' title='bbox 1175 4247 1400 4318; x_wconf 84' lang='lat' dir='ltr'><strong>Petropolitanac</strong></span> 
     </span>
     <span class='ocr_line' id='line_1_41' title="bbox 246 4334 1400 4406; baseline 0.004 -16"><span class='ocrx_word' id='word_1_363' title='bbox 246 4341 323 4391; x_wconf 81' lang='grc'><strong>1869.</strong></span> <span class='ocrx_word' id='word_1_364' title='bbox 343 4334 502 4402; x_wconf 77' lang='lat' dir='ltr'><strong>(liemoires</strong></span> <span class='ocrx_word' id='word_1_365' title='bbox 521 4335 555 4390; x_wconf 90' lang='lat' dir='ltr'><strong>dc</strong></span> <span class='ocrx_word' id='word_1_366' title='bbox 575 4334 746 4391; x_wconf 58' lang='lat' dir='ltr'><strong>lla-anemio</strong></span> <span class='ocrx_word' id='word_1_367' title='bbox 765 4335 910 4406; x_wconf 74' lang='lat' dir='ltr'><strong>imperiale</strong></span> <span class='ocrx_word' id='word_1_368' title='bbox 930 4337 979 4392; x_wconf 88' lang='lat' dir='ltr'><strong>des</strong></span> <span class='ocrx_word' id='word_1_369' title='bbox 999 4336 1129 4392; x_wconf 81' lang='lat' dir='ltr'><strong>Scienees</strong></span> <span class='ocrx_word' id='word_1_370' title='bbox 1146 4337 1182 4394; x_wconf 87' lang='lat' dir='ltr'><strong>dc</strong></span> <span class='ocrx_word' id='word_1_371' title='bbox 1201 4337 1400 4395; x_wconf 67' lang='lat' dir='ltr'><strong>taint-reters-</strong></span> 
     </span>
     <span class='ocr_line' id='line_1_42' title="bbox 244 4423 939 4496; baseline 0.006 -17"><span class='ocrx_word' id='word_1_372' title='bbox 244 4425 336 4496; x_wconf 77' lang='lat' dir='ltr'><strong>bonrg</strong></span> <span class='ocrx_word' id='word_1_373' title='bbox 352 4423 403 4482; x_wconf 76' lang='lat' dir='ltr'><strong>tn</strong></span> <span class='ocrx_word' id='word_1_374' title='bbox 424 4423 501 4481; x_wconf 68' lang='lat' dir='ltr'><strong>Strio</strong></span> <span class='ocrx_word' id='word_1_375' title='bbox 520 4423 600 4481; x_wconf 81' lang='lat' dir='ltr'><strong>Toni.</strong></span> <span class='ocrx_word' id='word_1_376' title='bbox 619 4423 684 4481; x_wconf 83' lang='lat' dir='ltr'><strong>Xlll</strong></span> <span class='ocrx_word' id='word_1_377' title='bbox 703 4443 729 4496; x_wconf 90' lang='lat' dir='ltr'><strong>p.</strong></span> <span class='ocrx_word' id='word_1_378' title='bbox 750 4431 783 4480; x_wconf 74' lang='lat' dir='ltr'><strong>rt</strong></span> <span class='ocrx_word' id='word_1_379' title='bbox 802 4426 867 4482; x_wconf 84' lang='lat' dir='ltr'><strong>adn.</strong></span> <span class='ocrx_word' id='word_1_380' title='bbox 887 4429 939 4494; x_wconf 74' lang='lat'>25).</span> 
     </span>
    </p>
   </div>
   <div class='ocr_carea' id='block_1_4' title="bbox 0 0 1503 5012">
    <p class='ocr_par' dir='ltr' id='par_1_4' title="bbox 0 0 1503 5012">
     <span class='ocr_line' id='line_1_43' title="bbox 0 0 1503 5012; baseline 0 0"><span class='ocrx_word' id='word_1_381' title='bbox 0 0 1503 5012; x_wconf 95' lang='lat' dir='ltr'><strong> </strong></span> 
     </span>
    </p>
   </div>
  </div>
 </body>
</html>
