3022 5038
687 304 933 370 ..586-

230 463 248 533 ό
283 473 402 534 τοίνυν
433 464 628 552 Χρύσιππος
661 469 834 532 δείκνυσιν
868 459 929 532 οιά
962 465 1000 532 ἐν
1032 467 1071 553 tri
1087 463 1186 550 -πρός
1218 491 1245 530 τι
1279 465 1393 550 σχίσει

230 572 413 660 γινόμενον
441 570 477 642 τό
510 575 641 658 πλῆθος
670 575 739 640 τῶν
766 569 895 657 ἀρετῶν
918 599 951 641 τε
980 573 1035 640 καὶ
1066 576 1207 646 κακιῶν,
1234 570 1321 640 ἀλλὰ
1357 575 1397 638 εἰν

135 729 137 736 ,
162 702 216 755 5111
229 695 301 760 ταῖς
324 685 463 761 οι’κείαις
490 677 621 760 οόσίαις
651 677 953 768 ἀπαλλαττομένοις
975 680 1058 750 κατὰ
1084 682 1088 770 Ι
1113 681 1172 760 τὰς
1197 681 1395 767 ποιότιμιες.

230 785 275 870 ὥς
303 785 321 857 ό
353 793 421 857 τῶν
455 791 607 856 παλαιῶν
638 785 796 874 ήροόλετο
825 787 937 875 λόγος·
971 786 1052 874 ὅπερ
1084 789 1139 856 καὶ
1168 784 1248 856 uini
1279 789 1396 876 ,unqu

203 899 443 984 ὀπαρατρίνας
466 895 483 964 ό
504 893 700 983 Χρύσιππος
724 895 850 984 ἑτέραις
873 899 977 978 λε’ξεσι
999 901 1141 984 ὁιήλθεν
1164 897 1201 964 ἐν
1221 899 1265 986 τῷ
1290 897 1395 976 nost,-

231 1003 317 1074 εἶναι
347 1004 406 1085 τὰς
434 1001 552 1090 ἀρετὰς
579 1018 649 1084 τοῖς
676 1029 710 1072 τε
740 1002 991 1091 ἐπιχειρήμασιν
1020 1001 1061 1074 ori
1088 1005 1248 1091 πρέπουσι
1276 1009 1321 1093 τῷ
1356 1007 1393 1070 τὸ

231 1110 369 1199 λογικὸν
392 1111 475 1180 εἶναι
502 1111 610 1200 μόνον
633 1115 692 1198 τής
721 1115 827 1200 ψυχῆς
849 1115 1047 1204 τεθειμίνςο,
1074 1112 1111 1180 τὸ
1135 1109 1327 1197 παθητικὸν
1355 1115 1392 1178 οὲ

190 1295 191 1298 χ
230 1217 421 1310 ἀνῃρηκότι.
467 1224 536 1301 πῶς
559 1213 623 1288 οὖν
647 1219 710 1307 ἐγὼ
736 1223 796 1288 τοῦ
819 1219 946 1308 μήκους
968 1224 1037 1288 τῶν
1055 1218 1167 1306 λόγων
1186 1229 1303 1298 αίτιος.
1328 1220 1393 1286 ε’ίςν

230 1323 435 1415 ἀναγκασθῶ
462 1332 525 1396 νῦν
545 1327 767 1396 ἐπιδεικνύειν
786 1323 963 1414 ἀλλοτρίας
981 1331 1139 1412 αίρὲσεως
1157 1325 1389 1414 ἐπιχειρήμασι

191 1462 215 1498 ιν
229 1434 404 1524 χριόμενον
428 1435 488 1505 τὸν
506 1435 707 1522 Χρύσιππον
730 1435 865 1516 εἰκότως
886 1442 1087 1522 καταβαλεῖν
1110 1436 1172 1524 τήν
1189 1431 1393 1518 Ἀρίστωνος

230 1542 362 1626 δόξανς.
378 1549 413 1612 οί
441 1543 505 1632 χάρ
532 1543 615 1632 μήτε
643 1543 795 1632 γνόντες,
825 1540 903 1613 οἷόν
926 1572 955 1612 τι
985 1542 1121 1632 πράχμά
1146 1545 1213 1612 ε’στι
1237 1545 1391 1630 μίθοόος

229 1647 454 1739 ἀποδεικτική,
477 1652 557 1740 μήτε
577 1649 781 1740 ἀσκηθέντες
804 1653 841 1720 ἐν
866 1647 948 1741 αὐτή
972 1651 1054 1739 μήτε
1077 1649 1243 1738 ἀλήθειαν
1266 1655 1390 1738 τιμῶν-

229 1785 281 1840 τες
310 1750 402 1828 οὗτοι
432 1761 634 1844 δικαιότεροι
664 1763 725 1830 τοῦ
754 1759 881 1848 μήκους
908 1763 976 1828 τῶν
1003 1760 1116 1845 λόγων
1139 1765 1228 1846 ἔχειν
1251 1759 1313 1844 τήν
1337 1765 1388 1826 αι’-

230 1873 315 1936 τιάν.
362 1859 456 1937 οὗτοι
481 1868 545 1956 χείρ
569 1874 633 1938 eloe
657 1869 712 1938 καὶ
737 1871 772 1936 oi
792 1865 877 1953 πρὸς
903 1865 1036 1936 ἅπασαν
1059 1864 1232 1949 ἀπόόειξιν
1255 1863 1305 1934 ἀεὶ
1330 1889 1387 1934 σο-

191 1973 402 2063 ιεφιζόμενοι
435 1977 489 2044 καὶ
526 1977 674 2064 στροφὰς
710 1971 903 2063 ἀσχήμονας
935 1973 1157 2062 στρεφόμενοι
1195 1976 1293 2062 χιὲριυ
1324 1981 1388 2044 τοτ’·

230 2086 344 2151 δοκεῖν
372 2079 469 2172 ἀτελή
497 2083 558 2154 τὸν
590 2082 672 2152 όλον
705 2080 867 2170 ὑπάρχειν
897 2081 1016 2170 λόγον,
1050 2079 1136 2152 ὅπου
1168 2083 1221 2150 καὶ
1255 2087 1318 2150 νῦν
1351 2085 1387 2150 ἐκ

229 2194 358 2286 πολλοῦ
381 2195 621 2280 γεγραμμένων
643 2196 711 2260 τῶν
734 2189 798 2278 πρὸ
823 2189 947 2259 τούτου
969 2195 1112 2277 βιβλίων
1140 2197 1229 2260 ε”τεσί
1250 2217 1282 2260 τε
1306 2201 1386 2258 ,τολ-

229 2401 460 2551 drirtilildllilidi
477 2407 565 2541 irodide
576 2407 642 2534 eudods.
658 2403 938 2545 l-l-vlillaidindiidl
912 2499 943 2534 το
933 2403 1204 2562 ῗὸδ1ιόήόάὸόω11ὶς
1205 2408 1384 2546 collimitiis

229 2549 409 2622 adsall-
430 2559 462 2606 10
481 2552 755 2638 καταλαβεὶν11.-
776 2559 808 2605 11
829 2547 918 2616 δόξαν
938 2545 1014 2605 εί
982 2547 1382 2621 χαρ11-11αειιο,ι,,ο

229 2642 309 2694 μενοι
329 2621 409 2678 codd
430 2618 1001 2694 ει111.ἀεὶσοφιζόμενοιυοεςε1.Ριο11
1020 2641 1048 2694 p.
1068 2629 1110 2679 89.
1131 2654 1164 2664 -

229 2844 338 2910 dinem
362 2844 518 2910 virtutum
539 2854 572 2908 et
590 2843 746 2910 vitiorum
766 2843 921 2908 exsistere
941 2841 1094 2926 ostendit,
1113 2841 1169 2907 sed
1188 2842 1381 2928 inpropriis

230 2952 439 3028 substantiis,
467 2974 548 3037 quae
572 2951 790 3038 qualitatibus
814 2949 958 3016 uicissim
983 2951 1211 3029 immutentur,
1238 2955 1273 3014 ut
1298 2958 1382 3014 rete-

230 3081 301 3124 rum
326 3060 446 3124 rationi
467 3059 602 3144 placuit,
625 3059 712 3145 quod
731 3066 764 3124 et
786 3060 895 3144 ipsum
914 3059 948 3123 in
971 3057 1067 3140 libro,
1091 3080 1154 3143 quo
1178 3059 1290 3144 quales
1313 3081 1381 3122 esse

230 3167 367 3234 virtutes
392 3167 499 3251 docet,
523 3169 657 3252 paulurn
682 3169 817 3232 mutatis
841 3167 979 3252 aliisque
1001 3165 1110 3232 verbis
1134 3188 1211 3230 usus
1235 3167 1380 3252 exposuit

230 3277 264 3340 et
285 3275 488 3361 argumentis
512 3277 568 3360 iis,
591 3298 673 3362 qnae
697 3275 828 3360 (peridem
852 3273 915 3356 illi,
943 3274 998 3358 qui
1021 3279 1116 3360 parte
1139 3275 1242 3340 ammi
1266 3275 1382 3340 atl'eeti-

229 3383 292 3448 bus
315 3383 458 3448 obnoxia
482 3385 613 3450 sublata
641 3383 836 3448 rationalem
865 3383 971 3448 solam
998 3383 1122 3468 posuit,
1149 3383 1283 3447 minime
1311 3405 1381 3448 con·

230 3490 374 3556 veniunt.
420 3489 591 3568 Quomodo
619 3493 721 3576 igitur
750 3512 811 3576 ego
840 3487 1056 3574 longitudinis
1084 3489 1243 3556 orationis
1272 3502 1382 3556 auctor

230 3621 317 3682 sum,
345 3597 373 3662 si
398 3620 498 3684 cogor
521 3599 555 3664 in
584 3601 772 3685 praesentia
800 3598 971 3664 ostendere
1000 3596 1126 3663 alienae
1154 3603 1262 3664 sectae
1290 3619 1379 3684 argn-

230 3707 349 3774 mentis
378 3729 472 3772 usum
502 3705 722 3793 Chrysippum
752 3711 839 3772 recte
868 3703 1033 3772 Aristonis
1066 3707 1262 3772 sententiam
1297 3725 1379 3769 erer-

230 3815 332 3880 tisse?
386 3813 515 3880 Justius
554 3815 589 3880 in
625 3814 701 3880 illos
736 3815 832 3900 eulpa
866 3812 1082 3900 longitudinis
1118 3814 1297 3889 reicienda,
1328 3813 1379 3899 qui

229 3945 333 4009 neque
367 3924 489 4006 sciunt,
522 3945 683 4008 quaenam
716 3945 768 3988 res
797 3923 841 3987 sit
868 3920 1115 3988 demonstrandi
1143 3921 1196 3986 ria
1225 3945 1262 3988 ae
1291 3921 1380 3991 ratio.

229 4053 333 4116 neque
360 4029 396 4095 in
420 4055 458 4095 ea
482 4033 651 4096 exercitati
681 4034 756 4096 sunt
784 4051 888 4116 neque
916 4031 1090 4095 veritatem
1115 4029 1236 4095 colunt.
1282 4029 1378 4096 lirlenr

229 4139 285 4204 isti
301 4143 385 4222 sunt,
404 4139 460 4224 qui
475 4143 588 4204 eontra
604 4161 733 4206 onmem
749 4137 1063 4204 demonstrationem
1078 4161 1208 4224 semper
1221 4139 1378 4225 sophiste-

229 4269 301 4312 rum
325 4247 452 4312 ratione
476 4250 612 4312 utuntur
631 4253 662 4311 et
687 4247 828 4332 turpiter
850 4269 1096 4334 quoquoversus
1119 4248 1378 4334 tergiuersantur.

230 4358 360 4422 tantum
385 4359 419 4420 ut
441 4359 510 4421 toto
529 4354 614 4422 ratio
634 4354 828 4440 imperfecta
846 4377 916 4422 esse
936 4354 1094 4440 rideatur,
1112 4355 1376 4442 quemadmodum
