2960 5032
619 387 953 465 “-88-’

218 587 293 631 eum
325 563 451 630 orciniam
482 581 607 628 sarsum
641 560 742 640 ivisse,
779 559 816 626 id
850 561 959 646 ipsum
991 559 1148 626 nimirum
1181 581 1216 624 se
1252 579 1391 654 ursoque

218 671 340 738 dixisse
368 669 573 736 asseverabit
600 667 700 734 verbo
728 667 787 734 illo
816 691 946 734 sarsum
975 665 1150 754 apposito’.
1178 703 1221 716 -
1249 690 1270 732 κ
1297 671 1331 732 et
1363 691 1391 752 μ

219 779 306 846 inter
333 800 368 844 se
397 780 597 862 permutata,
625 776 716 842 velut
742 799 773 862 p.
797 777 863 842 42ss
893 780 969 862 post
996 777 1078 842 med.
1106 775 1141 842 in
1169 774 1218 842 ll:
1246 778 1296 852 τίς
1320 775 1391 842 τοῦ

220 883 264 972 μὴ
288 879 396 962 πάσας
423 879 509 950 εἶναι
537 879 597 962 τὰς
625 881 661 950 ἐκ
682 883 745 950 τοῦ
767 882 913 970 μέτρου
937 883 1000 950 τοῦ
1027 879 1154 951 κύκλου
1176 882 1235 971 (sc.
1257 879 1390 970 ἀπέστη

219 991 275 1060 καὶ
307 987 556 1079 μετεδόξασεν);
589 993 620 1058 Α
651 991 753 1058 habet
785 991 821 1058 ἐκ
848 993 909 1058 τοῦ
937 988 1079 1075 κέντρον
1109 1015 1183 1058 cum
1214 993 1390 1076 asterisco,

220 1101 315 1189 quasi
343 1101 563 1168 emendationi
592 1099 734 1185 diffidat,
761 1104 797 1165 at
824 1099 1004 1184 immerito,
1031 1123 1109 1166 nam
1137 1105 1260 1166 rectam
1293 1103 1389 1166 viam

220 1207 412 1275 emendandi
445 1208 534 1292 iniit,
566 1229 664 1296 quam
696 1208 853 1274 conficere
886 1212 1032 1293 poterat,
1071 1209 1099 1274 si
1137 1214 1213 1296 post
1243 1211 1305 1274 τοῦ
1338 1205 1388 1294 μὴ

220 1311 329 1404 πάσας
351 1311 409 1402 (sc.
432 1311 491 1392 τὰς
514 1309 680 1401 γραμμάς)
705 1315 912 1380 Adiectixurn
936 1321 1011 1392 ἴσας
1030 1317 1144 1404 utique
1162 1317 1389 1382 necessarium

222 1423 426 1491 inseruisset:
454 1421 539 1510 ‘quis
574 1446 717 1508 uuquam
751 1423 792 1488 ab
828 1445 867 1488 ea
905 1423 1082 1508 sententia,
1119 1447 1185 1510 qua
1217 1439 1347 1490 omnes·
1369 1448 1390 1489 a

222 1535 333 1600 centro
362 1532 402 1596 ad
431 1531 591 1598 ambitum
620 1531 732 1596 circuli
762 1531 866 1596 lineae
897 1532 1098 1616 pertinentes
1123 1539 1198 1598 sunt
1222 1531 1391 1616 aequales,

221 1639 352 1706 deflexit
376 1639 535 1724 aliterque
559 1637 696 1704 sensitl'
744 1638 886 1704 Maxime
911 1645 1021 1704 autem
1046 1638 1081 1705 ἐκ
1104 1645 1137 1704 et
1162 1637 1200 1724 ἐμ
1229 1641 1264 1704 in
1288 1637 1390 1704 Γοαι-

223 1747 339 1833 positis
367 1751 554 1832 permutata
584 1747 700 1812 menda
729 1755 924 1833 genuerunt.
953 1749 1048 1831 quale
1078 1753 1128 1812 est
1156 1771 1187 1832 p.
1215 1747 1279 1812 619
1309 1753 1392 1832 past

222 1855 294 1921 init.
323 1854 364 1920 ab
395 1853 575 1920 editoribus
605 1854 792 1940 ignoratum
823 1856 1041 1920 scribentibus
1072 1855 1229 1921 τοιοῦτον
1260 1851 1324 1940 γάρ
1356 1880 1389 1919 τι

223 1957 363 2047 πάσχειν
386 1963 495 2026 ἔοικεν
518 1954 535 2026 ὁ
560 1959 722 2046 περιέχων
748 1956 831 2046 ἡμᾶς
854 1956 919 2047 ἀὴρ
943 1957 1007 2028 ὑπὸ
1032 1965 1091 2046 τῆς
1112 1963 1174 2029 τοῦ
1196 1958 1391 2048 πνεύματος

225 2065 427 2151 ἐκπτώσεως,
445 2063 565 2135 ὁποῖόν
583 2093 612 2134 τι
628 2065 782 2152 καὶπρὸς
799 2073 857 2155 τῆς
878 2066 1014 2155 ἡλιακῆς
1031 2065 1148 2156 αὐγῆς,
1168 2072 1225 2136 ubi
1244 2095 1304 2138 nos
1325 2095 1389 2158 pro

149 2167 151 2174 ’
224 2173 415 2254 ἐκπτώσεως
438 2171 647 2265 ἐμπιωσεως
665 2185 799 2263 propter
819 2179 987 2264 sequentia
1010 2181 1217 2245 conii-cimus.
1243 2217 1284 2226 -
1309 2185 1328 2244 λ
1354 2188 1390 2244 et

224 2311 243 2372 χ
267 2285 397 2352 misceri
420 2285 520 2350 solita
542 2285 577 2350 in
600 2287 723 2351 nostris
747 2309 875 2372 quoque
899 2287 993 2352 libris
1017 2288 1199 2353 orationem
1218 2288 1389 2354 nonnullis

224 2394 306 2460 locis
339 2393 550 2464 vitiaverunt:
575 2393 609 2458 iu
639 2391 811 2481 Aladin)
842 2418 871 2479 p.
905 2395 965 2460 raa
1001 2418 1030 2478 p.
1059 2417 1100 2460 m.
1133 2391 1298 2472 συστολὰς
1330 2395 1387 2462 καὶ

225 2498 375 2582 λύσεις,
399 2501 433 2566 in
455 2499 491 2564 ll
520 2499 636 2565 melius
661 2519 690 2564 σ.
714 2525 741 2564 κ.
766 2497 902 2584 priests
930 2501 995 2587 legi
1020 2527 1039 2568 a
1067 2503 1226 2588 nobisque
1255 2505 1388 2570 restitu-

226 2615 297 2674 turn
321 2630 390 2674 esse
410 2603 617 2692 διαχύσεις
640 2631 740 2692 supra
759 2631 803 2692 cp.
823 2609 880 2696 2⁴)
900 2610 1241 2694 corrrruernoraxirnus3
1266 2611 1299 2676 in
1320 2611 1388 2678 MA

227 2741 258 2803 p.
287 2716 349 2782 711
380 2715 462 2780 med.
489 2715 580 2780 locus
610 2714 798 2780 Platonicus
826 2717 919 2782 foede
948 2719 1092 2782 redditus
1122 2723 1172 2782 cst
1205 2743 1277 2784 euru
1312 2721 1389 2785 aliis

226 2823 267 2890 de
297 2823 404 2890 causis
435 2820 489 2907 (cf.
520 2844 619 2907 supra
648 2845 700 2908 pp.
729 2825 771 2888 23
801 2829 834 2888 et
861 2823 918 2903 491)
948 2829 1016 2890 turn
1045 2826 1123 2911 quia
1148 2827 1307 2912 seriptum
1338 2833 1390 2893 est

227 2931 358 3016 πνεῦμα
381 2925 526 3015 πάχιον
548 2924 614 2994 ὑπὸ
639 2931 699 2995 τοὺ
723 2927 795 3012 περὶ
821 2927 858 2995 τὸ
890 2933 984 3016 σῶμα
1007 2927 1106 3016 ἀέρος
1127 2957 1156 2998 κ.
1180 2959 1205 3000 r.
1228 2939 1272 3005 λ..
1300 2935 1388 3020 ιμιοιΙ

228 3039 368 3104 editores
389 3038 416 3103 si
437 3038 584 3104 Platonis
603 3039 686 3104 Tim.
706 3062 736 3123 p.
757 3039 797 3103 'ill
819 3041 843 3104 C
866 3041 1083 3124 inspexissent
1105 3045 1388 3110 eonsuetrulinem·

228 3168 290 3232 que
314 3145 524 3211 librariorum
554 3147 786 3229 respexissent.
815 3153 901 3213 certe
930 3150 964 3214 iu
992 3144 1112 3214 πάλιν
1138 3153 1294 3218 mutaturi
1319 3155 1388 3218 lue·

229 3257 313 3318 runt.
337 3289 380 3302 -
405 3277 430 3336 φ
454 3259 487 3318 et
512 3263 535 3326 ν
563 3255 712 3338 pluribus
737 3255 817 3320 locis
842 3257 977 3322 corrtusa
1001 3262 1090 3322 sunt:
1119 3257 1153 3322 in
1177 3257 1243 3324 MA
1268 3283 1297 3345 p.
1322 3263 1389 3326 «1011

229 3367 310 3427 extr.
333 3359 372 3426 ἐν
396 3349 414 3447 ᾗ
438 3355 530 3426 ταῦτ’
557 3363 703 3446 ἔγραφεν
727 3364 885 3448 seriptum
909 3369 958 3428 est
984 3387 1042 3449 pro
1066 3367 1206 3448 ἔγραψε,
1230 3367 1314 3452 qrrrul
1338 3367 1387 3434 th

230 3469 388 3553 restituit,
420 3469 474 3554 qui
506 3474 615 3534 tumen
647 3493 675 3554 p.
706 3471 771 3536 577
803 3478 878 3537 rude
910 3473 991 3537 med.
1022 3473 1107 3538 idem
1139 3475 1291 3540 mendum
1323 3499 1389 3541 nun

230 3577 492 3643 arrimudrcrtens
522 3577 665 3662 scripsit:
693 3573 785 3643 ταῦτ’
811 3575 876 3662 ἄρα
900 3579 955 3644 καὶ
978 3575 1197 3664 Ἱπποκράτης
1221 3579 1390 3648 εἰσακού-

230 3707 329 3769 μενος
352 3687 495 3768 ἔγραφε,
518 3709 592 3750 nos:
616 3687 749 3768 iporeae.
795 3686 918 3752 11251
948 3693 1023 3753 urite
1051 3689 1132 3754 rned.
1158 3689 1236 3754 lli:
1265 3685 1301 3754 τὸ
1332 3693 1389 3774 τῆς

229 3785 421 3876 ἀντιλογίας
444 3787 533 3870 εἶδος
556 3787 761 3876 αἰσθόμενος
785 3787 887 3859 oridia
912 3784 1010 3880 ἦττον
1034 3794 1259 3880 ἐπιστρέφον
1277 3822 1305 3862 κ.
1319 3824 1347 3864 τ.
1361 3803 1389 3864 λ.

230 3899 376 3966 Eandem
408 3899 580 3966 lectionem
612 3899 724 3966 Bl‘ld(
758 3909 961 3986 receperunt,
999 3905 1055 3968 sed
1092 3903 1118 3968 L
1152 3905 1288 3990 praebet
1320 3905 1387 3972 ἐπι-

231 4003 421 4091 στρέφον,
445 4031 541 4092 quma
564 4031 624 4074 nos
649 4009 751 4073 secuti
776 4034 896 4076 sumus.

321 4113 472 4180 Ceterruu
491 4117 577 4200 quod
597 4116 782 4199 Madvigius
802 4117 836 4183 in
857 4120 991 4184 ⁴idrers.
1010 4119 1120 4184 t'ritie.
1144 4119 1158 4184 l
1184 4143 1214 4205 p.
1242 4122 1282 4186 13
1306 4122 1388 4188 dixit

232 4223 333 4287 l'uisse
353 4222 517 4288 inferioris
537 4225 656 4289 aetatis
676 4225 885 4292 lilnurimam
905 4227 1137 4310 condicionem,
1160 4242 1193 4291 ut
1214 4229 1387 4295 verborum

233 4337 264 4396 et
288 4331 524 4396 sententiarum
549 4331 639 4396 variis
664 4334 848 4400 simulacris
871 4335 1058 4399 luderentur
1079 4343 1111 4400 et
1135 4335 1295 4420 imagines
1319 4361 1388 4402 xer·

233 4438 363 4522 lunum,
392 4439 581 4525 prirrsquarn
610 4439 737 4506 litteras
762 4465 874 4507 ornnes
898 4443 1153 4528 perspexissent,
1182 4443 1291 4512 surium
1315 4469 1388 4512 con·
