2992 5034
574 321 939 400 —45'1-¹

104 490 202 560 εἶναι
235 497 362 579 νομίζει
390 487 429 560 τὸ
457 487 649 579 παθητικὸν
680 495 739 581 τῆς
771 493 880 580 ψυχῆς
910 493 974 562 τοῦ
1000 495 1193 580 λογιστικοῦ
1219 494 1275 563 καλ

103 603 183 668 τῶν
215 593 352 686 ἇλόγων
383 597 478 692 ζῴων
506 595 697 688 ἀφαιρεῖται
729 599 770 670 τὰ
803 599 898 688 ιιιίθη
930 605 1086 688 φανερῶς
1113 603 1276 693 ἐπιθυμίᾳ

103 735 142 776 τε
173 707 228 775 καλ
251 715 352 796 θυμι
377 708 639 796 διοικουμένων,
662 705 708 790 ῶς
730 710 785 778 καί
810 705 827 778 ὁ
853 708 1084 792 Ποσειδώνιος
1111 709 1195 801 ὑπὲρ
1219 709 1277 782 αιἰ-

105 819 185 884 τῶν
207 816 258 884 aa
287 815 391 886 πλέον
419 817 629 905 διεξέρχεται.
673 815 736 886 ὅσα
763 817 826 905 μέν
857 809 922 888 οὖν
944 821 1013 888 τῶν
1042 817 1136 911 ζῴων
1163 823 1278 889 δυσκί-

106 922 200 1012 νητιί
218 924 257 992 τέ
277 924 346 993 ἐστι
369 923 425 993 καὶ
448 923 708 1012 προσπεφυκότα
732 929 832 1012 δίκην
850 929 967 1015 φυτῶν
990 927 1126 1015 πέτραις
1146 925 1169 1016 ἦ
1186 945 1304 998 τισινῡ

107 1033 241 1118 ἑτέροις
263 1031 444 1120 τοιούτοις,
467 1034 630 1124 ἐπιθυμίᾳ
652 1037 741 1124 μόνη
766 1037 970 1104 διοικεῖσθαι
997 1036 1085 1124 λέγει
1108 1031 1209 1124 αὐτῶ,
1236 1035 1278 1106 τὰ

109 1142 152 1212 ὁὶ
177 1141 262 1210 ἄλλα
281 1139 387 1230 ἄλογα
406 1139 583 1230 σύμπαντα
600 1156 673 1222 ταῖς
693 1141 879 1230 ὁννεέμεσιν
896 1139 1101 1232 ἀμφοτέραις
1118 1147 1278 1234 χρῆσθαι,

108 1261 154 1340 τῇ
173 1278 208 1320 τε
227 1251 453 1339 έκεθνμητικῇ
471 1247 527 1318 καὶ
545 1253 586 1340 τῇ
600 1255 788 1339 seposta,
806 1250 867 1321 τὸν
881 1250 1068 1341 ἄνθρωπον
1087 1259 1093 1336 1
1113 1251 1151 1322 θλ
1169 1252 1344 1342 μόνονλῖλ

108 1375 187 1441 ταις
219 1363 326 1448 τρισί,
356 1359 620 1446 προσειληφέναι
652 1357 717 1448 γὰρ
749 1359 803 1428 καλ
837 1359 900 1448 την
936 1358 1131 1449 λογιστικὴν
1161 1358 1280 1452 ἀρχήν.

109 1467 279 1538 ταῦτάτε
303 1458 368 1536 οὖν
391 1461 506 1554 ὀρθῶς
532 1475 661 1556 είρηται
687 1470 733 1560 τῷ
758 1473 980 1560 Ποσειδωνίῳ
1007 1467 1063 1537 καλ
1086 1466 1171 1539 ἄλλα
1193 1471 1320 1561 zap-10

112 1584 225 1646 πολλα
248 1569 329 1644 καθ’
355 1571 440 1663 ὅλην
462 1572 526 1664 τὴν
548 1574 715 1662 περὶτῶν
737 1579 861 1644 παθῶν
883 1583 1123 1666 πραγματείαν.
1167 1575 1280 1668 ῶσπερ

114 1677 182 1754 οὖν
210 1681 229 1754 ὁ
258 1681 456 1771 Χρύσιππος
483 1683 693 1774 ἐσφαλμένος
722 1683 760 1752 έν
789 1679 920 1770 αὐτοῖς,
952 1681 999 1765 ῶς
1030 1682 1074 1754 ἄν
1103 1712 1154 1768 τις
1180 1695 1280 1776 τίεται,

114 1809 188 1874 τοῖς
221 1795 399 1879 στοιχείοις
426 1791 486 1880 τῆς
516 1789 592 1880 περὶ
623 1793 694 1860 τῶν
729 1794 854 1860 παθῶν
884 1797 1034 1879 θεωρίας
1065 1793 1099 1876 έξ
1133 1791 1282 1886 ἀνάγκης

115 1903 298 1990 πάμπολλα
329 1903 438 1982 κακῶς
476 1897 585 1986 εἶπεν,
623 1896 730 1980 οὕτως
767 1897 896 1988 ἀνάγκη
933 1899 995 1968 τὸν
1031 1895 1174 1990 ἀληθέσι
1208 1918 1282 1986 ταῖς

116 2009 238 2100 ἀρχαῖς
260 2005 489 2098 χρησάμενον,
517 2011 548 2076 εί
569 2005 632 2096 μὶν
655 2003 801 2096 ἀκριβῶς
824 2007 980 2094 φνλάξειε
1003 2007 1041 2078 τὸ
1064 2007 1149 2099 πρὸς
1177 2007 1281 2094 αὐτὲις
1295 2028 1322 2070 ¹⁵

117 2117 327 2204 ἀκόλουθον,
349 2113 441 2186 ἅπαν
463 2119 570 2186 atsere
593 2111 717 2206 ὀρθῶς,
741 2119 771 2186 εί
793 2115 829 2186 ὀὶ
855 2112 918 2186 οὐκ
940 2113 1104 2206 ιἰκριβις,
1132 2115 1218 2190 ἀλλὰ
1240 2118 1282 2189 τά

156 2363 172 2410 u
198 2349 214 2410 ὅ
238 2371 293 2410 om.
316 2348 495 2416 nuscum
525 2349 560 2407 ef.
585 2349 670 2406 Proll.
717 2395 722 2406 .
751 2359 811 2406 rou.
840 2381 873 2393 —
906 2359 923 2408 4
951 2346 1088 2410 {aaaron
1111 2353 1193 2410 codd.
1216 2353 1281 2410 edd.

122 2423 167 2484 iat
192 2425 282 2482 artior
304 2440 363 2480 nor.
387 2453 421 2465 -
446 2417 593 2492 aemop'
619 2419 677 2478 έστλ
694 2369 875 2480 1llABCblr'.
900 2453 933 2465 —
958 2423 1160 2494 ὅδιοικηοθαι
1184 2425 1221 2484 ll.
1246 2457 1281 2468 -

122 2495 191 2556 ῖτίι
212 2493 303 2568 ἄλογα
323 2495 403 2552 eodm
422 2494 485 2552 edd.
506 2491 540 2550 τίι
564 2493 706 2552 eiecimus.
725 2525 760 2536 -
783 2490 968 2566 ripuariorum
985 2495 1024 2553 bl.
1043 2525 1077 2538 -
1101 2503 1118 2554 8
1136 2491 1281 2570 θυμοειδῆ

121 2573 248 2700 pinno}
267 2565 359 2698 {pbr
377 2585 430 2640 pro
447 2561 502 2637 γὰρ
521 2567 554 2622 L.
573 2597 606 2609 —
634 2576 666 2624 10
688 2585 718 2623 τε
743 2585 797 2626 om.
817 2567 848 2632 n.
873 2599 906 2610 -
931 2575 964 2624 12
988 2563 1173 2640 ἐσφαλμένος
1195 2569 1228 2626 1..
1246 2599 1280 2610 —

121 2791 339 2805 -ι-Π

124 2885 183 2946 tau
214 2879 357 2947 obnoxia
385 2879 520 2962 sentiat,
553 2877 725 2964 perspicue
758 2877 919 2946 ostendat.
965 2875 1173 2966 Chrysippus
1205 2901 1282 2946 uero

124 2993 208 3056 bunc
237 3011 256 3054 a
285 2985 440 3052 rationali
469 2992 563 3072 parte
590 2983 674 3052 nihil
708 2985 837 3053 differre
870 2986 1051 3054 arbitratur
1083 2987 1283 3074 atl'ectusque

122 3097 231 3162 lautis
265 3093 478 3180 animalibus,
515 3117 598 3181 quae
632 3093 843 3161 manifestum
873 3099 925 3160 est
956 3095 1137 3182 eupiditate
1167 3101 1200 3164 et
1230 3097 1282 3163 ira

122 3203 315 3286 urrtmrnari,
337 3201 449 3288 eripit,
476 3201 749 3288 quemadmodum
778 3203 878 3270 etiam
906 3201 1103 3270 Posidonius
1134 3203 1283 3292 pluribus

122 3314 339 3379 ‹lerrroustrat
398 3307 488 3386 Quae
520 3309 651 3396 quidem
683 3307 868 3377 immobilia
901 3333 1004 3400 paene
1036 3311 1104 3377 sint
1131 3311 1284 3398 saxisque

123 3423 264 3507 aliisque
287 3416 477 3484 huiusmodi
504 3418 601 3484 rebus
630 3419 783 3506 stirpium
807 3419 904 3487 modo
926 3417 1132 3503 inhaereant,
1160 3420 1283 3506 eupidi-

123 3538 193 3596 tate
219 3527 290 3594 sola
314 3525 384 3613 regi
408 3528 470 3612 uit,
493 3531 602 3592 cetera
625 3527 763 3594 rationis
789 3529 934 3613 expertia
962 3531 1101 3613 utraque
1124 3527 1283 3593 facultate

124 3641 184 3722 uti,
209 3635 458 3722 concupiscente
478 3638 511 3700 et
529 3635 699 3720 irascente,
718 3635 885 3700 bominem
906 3636 1011 3702 solum
1030 3635 1145 3719 tribus,
1163 3637 1284 3722 quippe
1399 3633 1405 3644 ’

123 3747 180 3836 qui
205 3749 337 3832 praeter
359 3743 418 3810 ills
441 3743 505 3809 duo
528 3745 689 3810 rationale
713 3743 909 3829 principium
935 3743 1072 3828 acleptus
1096 3743 1148 3808 sit
1193 3743 1283 3810 Haec

125 3859 214 3922 recte
248 3877 267 3919 a
295 3849 471 3920 Posidonio
504 3849 592 3917 dicta
625 3857 700 3918 sunt
731 3851 859 3937 aliaque
893 3850 1055 3937 permulta
1083 3850 1117 3916 ia
1145 3855 1217 3918 toto
1246 3851 1285 3916 de

126 3959 432 4050 perturbationibus
461 3981 567 4044 opere.
612 3961 690 4026 lem
713 3965 749 4026 ut
774 3959 978 4045 Chrysippus
1002 3959 1036 4024 in
1059 3957 1155 4044 ipsis,
1177 3963 1216 4024 ut
1238 3959 1285 4026 itu

126 4073 245 4154 ilicum,
268 4067 439 4134 elementis
463 4067 631 4134 doctrinae
651 4067 689 4134 de
713 4067 1017 4154 perturbationibus
1039 4065 1152 4152 lapsus
1175 4089 1285 4132 neees-

126 4179 216 4244 surio
253 4199 351 4263 quam
388 4175 530 4262 plurima
568 4197 739 4262 perperam
775 4175 970 4262 disputarit,
1005 4175 1067 4258 ita,
1106 4173 1161 4259 qui
1199 4177 1286 4242 reris

126 4285 301 4376 principiis
324 4283 437 4370 utitur,
460 4283 651 4366 dummodo,
679 4305 762 4370 <pirae
786 4283 839 4348 bis
863 4287 1081 4349 consentanea
1104 4285 1191 4366 sunt,
1213 4281 1286 4349 dili·

127 4408 243 4484 genter
266 4395 388 4478 servet,
412 4415 485 4460 eum
510 4391 544 4459 in
568 4393 720 4459 omnibus
744 4395 831 4458 recte
855 4391 963 4458 dicere
986 4389 1037 4458 ecl
1061 4389 1089 4456 si
1113 4389 1285 4456 minusad
