2984 5030
520 327 767 394 -605-

51 487 138 570 κόν,
160 483 223 573 ούχ
241 481 288 564 ἀς
310 479 411 554 ούσιά
434 488 545 573 ψυχῆς
563 481 726 572 ύιιάρχον,
750 481 834 553 ἀλλὰ
854 482 899 566 ὡς
918 481 1068 574 ὄργανον
1085 489 1221 576 πρῶτον

49 591 165 682 αὐτῆς
187 591 347 679 οἰκούσης
368 591 451 661 κατὰ
470 592 532 662 τὸν
555 594 752 681 ἐγκέφαλον,
775 589 877 661 ὁποία
893 619 944 674 τις
966 587 1011 662 ἀν
1034 585 1054 684 ᾖ
1077 592 1141 683 την
1164 589 1220 666 ού·

49 711 149 772 σιάν.
198 699 312 787 ὥσπερ
339 699 376 768 δὲ
404 701 442 769 τὸ
473 706 611 782 ζωτικὸν
637 705 769 789 πνεῦμα
797 699 880 769 κατὰ
913 699 973 782 τάς
999 697 1159 791 ἀρτηρίας
1184 729 1220 772 τε

48 811 112 880 καὶ
139 808 203 898 τὴν
225 811 369 895 καρδίαν
392 811 552 895 γεννᾶται
574 807 743 896 τὴνῦλην
761 814 840 894 ε”χον
861 811 920 896 τῆς
942 809 1104 895 γενέσεως
1125 815 1162 880 ἔκ
1183 837 1220 881 τε

48 925 120 1006 τῆς
149 920 307 1004 εέσιτνοῆς
334 915 389 984 καὶ
420 919 480 1004 τῆς
506 919 575 984 των
607 919 724 1004 χυμῶν
752 913 1027 1002 ἀναθυμιάσεως,
1060 915 1149 988 οὕτω
1180 918 1247 991 ris

50 1023 209 1113 ψυχικὸν
236 1025 272 1092 έκ
299 1027 362 1093 τοῦ
385 1027 525 1106 ζωτικοῦ
547 1023 835 1111 κατεργασθέντος
862 1021 915 1090 lul
938 1024 1042 1092 πλέον
1068 1030 1134 1113 ἔχει
1155 1024 1221 1115 τὴν

50 1135 208 1222 γένεσιν·
237 1133 339 1220 ἐχρῆν
366 1129 432 1219 γὰρ
455 1131 566 1220 δήπου
596 1135 725 1219 μᾶλλον
748 1126 907 1199 ἀπάντων
929 1125 1011 1200 αύτὸ
1035 1137 1220 1223 μεταβολῆς

48 1240 223 1330 ἀκριβοῦς
244 1253 368 1328 τυχεῖν.
413 1247 505 1325 ελπερ
528 1231 593 1309 οὖν
615 1239 653 1308 τό
677 1264 712 1308 τε
735 1240 865 1326 σπέρμα
887 1239 944 1307 καὶ
967 1236 1005 1307 τὸ
1029 1239 1127 1327 γάλα,
1148 1249 1220 1312 καί·

49 1377 107 1419 τοι
144 1375 181 1437 γε
215 1345 461 1434 ἀπολειπόμενα
492 1357 532 1438 τῇ
566 1345 708 1435 δυνάμει
740 1349 802 1414 τοῦ
840 1349 984 1434 ννχικοῦ
1019 1347 1219 1437 πνεύματος,

50 1455 152 1544 ὅμως
180 1452 200 1546 ἦ
229 1455 332 1542 φύσις
359 1451 505 1542 ἀκριβῶς
532 1455 791 1543 κατεργάζεσθαι
820 1456 964 1542 δεομένη
991 1455 1220 1542 πολυχρόνιον
1232 1475 1259 1514 ¹⁰

51 1563 177 1645 αὐτοῖς
196 1561 427 1652 ἐμηχανήσατο
445 1563 509 1650 τὴν
528 1565 565 1631 έν
587 1578 658 1643 τοῖς
675 1575 845 1641 τιετιτικοῑς
863 1557 1023 1648 ὀργάνοις
1041 1562 1220 1653 διατριβὴν

51 1674 113 1742 καὶ
140 1671 197 1742 διδ
221 1676 321 1740 τοῦτο
344 1673 389 1762 τῷ
417 1669 480 1758 μὲν
502 1671 663 1758 σπέρματι
691 1670 754 1756 τὴν
781 1667 845 1756 πρὸ
874 1672 943 1738 τῶν
971 1667 1098 1758 ὄρχεων
1126 1672 1218 1740 ἕλικα

52 1779 302 1868 παρεσκεύασε,
325 1781 370 1870 τῷ
384 1777 432 1850 ,δὲ
455 1777 592 1865 γάλακτι
620 1776 658 1847 τὸ
687 1781 792 1866 μῆκος
813 1780 882 1846 των
909 1781 957 1858 εἰς
982 1781 1064 1860 τοὺς
1080 1779 1220 1861 τιτθούς

53 1888 187 1958 ἰόντων
205 1884 362 1974 ἀγγείων,
381 1885 517 1965 εἰκότως
535 1885 590 1954 καὶ
609 1883 692 1953 κατὰ
712 1883 773 1953 τὸν
792 1885 978 1972 ἐγκέφαλον
996 1887 1032 1954 ἐκ
1049 1889 1112 1956 τοῦ
1130 1892 1219 1970 ζωτι·

54 1999 125 2064 κοῦ
147 1993 338 2081 πνεύματος
361 1995 564 2081 ἐργαζομένη
587 1991 624 2060 τδ
645 1991 789 2079 ψυχικὸν
812 1988 888 2061 οἷον
906 1992 1122 2080 λαβύρινθύν
1143 2021 1220 2064 τινα
1234 2011 1260 2054 ¹⁶

52 2108 217 2172 ποικίλον
239 2101 483 2190 ἐδημιούργησε
505 2109 648 2188 πλησίον
673 2103 678 2188 ἰ
701 2105 764 2169 τοῦ
787 2100 974 2188 ἐγκεφάλου
995 2099 1032 2170 τὸ
1057 2105 1287 2176 destrones-wll

84 2251 233 2260 ———-—
247 2251 279 2258 ..-

93 2325 112 2374 2
137 2311 156 2390 η’
179 2311 252 2373 κατά
272 2313 325 2388 τὴν
344 2313 446 2373 ούσέαν
464 2317 541 2373 Orio.
565 2308 582 2388 ᾖ
603 2313 654 2386 τὴν
673 2311 774 2372 ούσέαν
793 2317 855 2396 (lul.
874 2317 954 2374 codd.
973 2317 1036 2373 edd.
1061 2347 1094 2358 -
1118 2323 1135 2374 8
1154 2323 1221 2408 post

54 2385 165 2445 ούτιύτ
184 2391 316 2460 leguntur
334 2407 379 2459 ap.
395 2389 486 2444 Oria:
506 2384 622 2458 ἀγνοεῖν
641 2387 694 2459 μὲν
712 2385 873 2458 palpantis
892 2385 1019 2460 ὁμολογῶ
1034 2385 1113 2458 παρὰ
1135 2391 1216 2446 ουδε-

55 2461 109 2522 νὸς
129 2455 282 2527 ἀνάδειξιν
301 2457 406 2530 έναργη
427 2457 610 2532 μεμαθηκώς,
629 2457 718 2530 μόνον
733 2459 765 2514 δὲ
787 2457 964 2529 ε’ξενρῇσδαέ
979 2479 1027 2532 μοι
1046 2461 1099 2530 την
1117 2463 1219 2530 κρᾶσιν

55 2535 110 2589 τού
143 2529 305 2602 ἐγκεφάλου
333 2528 429 2600 ὀρθῶς
456 2527 690 2600 προαιρούμενος.
719 2563 751 2572 -
781 2529 916 2600 καθάπερ
944 2549 995 2604 pro
1023 2525 1118 2602 οἷσπερ
1141 2532 1218 2589 Orib.

56 2637 91 2646 -
121 2613 156 2660 16
176 2605 226 2660 roi·
245 2611 312 2660 suto
332 2601 492 2676 έγκεφάλου
517 2605 676 2658 addidimus
695 2621 728 2658 cx
748 2607 857 2658 Oritas.
878 2605 928 2672 111,
947 2609 1013 2672 217,
1035 2611 1076 2659 10.
1096 2635 1129 2647 -
1154 2609 1220 2676 post

55 2675 239 2739 dearooudlc
258 2675 368 2748 πλέγμα
388 2693 460 2747 quse
479 2675 617 2746 reperitur
635 2677 665 2730 in
679 2676 708 2729 ll
726 2675 930 2746 dittographis,
950 2676 985 2732 de
1003 2692 1037 2730 ea
1056 2675 1112 2732 rid.
1132 2675 1218 2732 Proll.

57 2968 165 3036 animi
190 2967 243 3052 sit,
264 2967 320 3034 sed
343 2967 421 3054 quia
444 2967 587 3053 primum
610 2969 863 3034 instrumentum
883 2969 934 3033 est
955 2967 1003 3035 ibi
1026 2967 1220 3055 habitantis,

57 3077 299 3164 qualiscunque
322 3075 391 3140 eius
415 3074 602 3142 substantie
626 3079 684 3141 cst.
731 3075 823 3141 Sicut
851 3081 961 3142 autem
988 3073 1100 3142 vitalis
1124 3075 1219 3162 spiri·

58 3192 115 3252 tus
141 3185 176 3252 in
200 3183 328 3250 arteriis
353 3189 386 3248 et
408 3183 504 3250 corde
527 3184 675 3270 gignitur
696 3183 834 3249 materia
863 3183 1085 3268 generationis
1109 3205 1148 3250 ex
1170 3184 1219 3250 in·

58 3291 244 3380 spiratione
272 3295 307 3355 et
337 3289 512 3358 humorum
545 3291 752 3358 exhalatione
786 3295 907 3374 sumta,
938 3291 988 3356 its
1017 3290 1170 3357 animalis
1202 3311 1219 3356 e

59 3399 159 3468 vitali
187 3397 364 3484 perfectius
388 3399 559 3466 elaborato
583 3407 690 3466 ortum
719 3399 834 3484 habet,
864 3399 986 3486 quippe
1013 3421 1087 3464 cum
1110 3399 1219 3485 ipsum

59 3507 355 3596 exquisitissimam
387 3507 651 3574 immutationem
681 3507 818 3592 adipisci
849 3506 1041 3590 oportuerit
1096 3505 1219 3584 Quodsi

59 3623 183 3684 natura
206 3621 240 3680 et
262 3633 373 3680 semen
397 3621 430 3680 et
449 3613 508 3698 lac,
532 3614 681 3699 quamvis
706 3614 841 3679 animoli
865 3615 985 3699 spiritu
1008 3613 1076 3680 sint
1099 3615 1219 3682 virtute

60 3723 230 3808 inferiora,
253 3745 327 3789 cum
350 3727 460 3788 tumen
484 3723 584 3788 vellet
607 3727 717 3788 exacte
742 3723 914 3806 conficere,
942 3722 1128 3788 diuturnam
1151 3723 1219 3790 illis

60 3835 96 3900 in
132 3831 358 3900 instrumentis
396 3831 618 3897 concoctionis
655 3851 781 3896 moram
818 3829 1006 3896 machinatu
1039 3833 1090 3896 est
1121 3834 1219 3918 atque

62 3941 186 4009 idcirco
209 3939 327 4008 semini
349 3939 533 4006 anfractum
553 3943 758 4018 anteusus,
781 3936 859 4003 lacti
884 3959 1037 4004 rasorum
1056 3937 1097 4004 ad
1116 3961 1219 4006 mam·

63 4073 136 4116 mas
164 4049 365 4114 tendentium
396 4045 632 4126 loupitudinem
664 4045 887 4130 praepararit,
916 4047 1034 4112 merito
1061 4045 1161 4112 etiam
1184 4047 1219 4114 in

63 4157 208 4240 cerebro,
230 4177 304 4222 cum
324 4179 341 4220 e
359 4153 453 4220 rituli
475 4153 592 4238 spiritu
612 4153 787 4218 animalem
807 4155 935 4218 el'ficcre
955 4153 1107 4238 studeret,
1125 4153 1218 4240 qussi

63 4263 281 4350 multiplicem
309 4263 469 4348 quondam
499 4259 723 4346 labyrinthum
753 4261 844 4326 iuxta
870 4259 1039 4326 cerebrum
1067 4261 1218 4328 reticula·

65 4395 132 4440 rem
166 4371 252 4438 bunc
282 4373 472 4436 contextum
504 4369 667 4434 fabricata
697 4375 755 4432 est.
806 4367 921 4454 Itaque
955 4373 989 4432 et
1019 4365 1082 4434 hoo
1108 4367 1217 4454 ipsum
