3022 5038
713 334 957 402 ...5ssss-

189 489 410 580 5λ3άρτηρίαι
441 522 477 562 τυ
506 496 664 562 τοιοῦτον
687 488 781 582 ιιῖμιι·
807 497 812 582 Ι
842 494 1006 562 δέδεικται
1035 493 1151 562 δὲκαὶ
1180 495 1255 580 περὶ
1287 495 1431 564 τούτων

255 601 308 669 ἐπὶ
331 601 434 670 πλεόν
453 603 491 670 ίν
514 617 585 682 τοῖς
607 605 679 689 περὶ
704 606 773 670 τῶν
792 605 947 688 φυσικῶν
968 601 1147 690 δυνάμεων
1166 599 1430 690 ὑπομνήμασιν.

254 706 340 778 ὥσθ’
366 707 434 798 ι’ίμιι
462 711 540 798 με’ν,
568 707 649 796 ὅπερ
677 705 891 798 άνεβαλόμην
919 710 956 778 ἐν
983 724 1055 790 τοῖς
1082 715 1276 798 ἔμπροσθεν
1301 711 1430 798 λέγοις

255 817 345 906 ἐρεῖν
372 809 475 898 αὖθις
502 813 586 904 ὑπὲρ
614 820 675 885 τοῦ
704 814 786 884 κατίι
819 815 882 904 την
914 821 1058 904 καρδίαν
1085 821 1240 904 αἵματος,
1274 816 1316 886 τὰ
1360 825 1430 888 νῦν

228 933 399 1015 εείρηται,
432 924 499 1014 ἅμα
523 926 576 1004 δέ,
609 921 653 1006 ῶς
677 923 872 1010 ἐσφάλησαν
896 927 932 992 οί
960 926 1015 992 καὶ
1049 923 1111 1013 την
1138 931 1284 1012 κιιρδιάν
1307 923 1430 1016 ἀρχὴν

256 1032 405 1114 είπδντες
428 1031 514 1102 είνιιι
538 1035 607 1100 τῶν
630 1035 776 1118 φλεβῶν,
801 1033 1030 1100 ἐπιδέδεικται.
1071 1041 1163 1120 είπερ
1187 1034 1251 1120 γὰρ
1274 1039 1430 1121 αἵματός

255 1167 362 1221 τινος,
394 1138 502 1222 εὐθὺς
529 1139 639 1228 δηπου
667 1139 722 1207 καί
751 1143 887 1226 φλεβῶν
914 1139 1092 1228 ε’νάμισιιν,
1120 1138 1231 1228 ὥσπερ
1260 1140 1338 1230 [μη]
1367 1149 1426 1212 καί

256 1251 326 1318 τῶν
343 1245 513 1338 ἀρτηριῶν
532 1249 683 1335 ἐχουσῶν
703 1241 784 1336 αἷμα
803 1249 1107 1336 λεπτομερέστατον
1124 1249 1180 1316 καὶ
1195 1248 1431 1338 θερμότατον.

257 1351 304 1437 ῶς
330 1347 395 1424 οὖν
422 1353 607 1444 ἀρτηριῶν,
637 1353 725 1424 οὕτω
750 1355 804 1424 καὶ
832 1359 893 1424 τοῦ
921 1354 1183 1442 πνευματώδους
1209 1383 1244 1425 τε
1272 1359 1330 1426 καὶ
1360 1367 1430 1430 τοῦ

219 1489 244 1526 ιν
259 1465 390 1547 ζεόντος
412 1468 551 1552 αἳματος
574 1459 659 1550 άρχη
682 1489 717 1531 τε
740 1465 794 1532 καὶ
818 1463 907 1552 πηγὴ
930 1477 1001 1544 τοῖς
1025 1462 1120 1555 ζῴοις
1139 1463 1231 1532 ἐστὶν
1256 1461 1273 1552 ’i
1293 1473 1427 1552 καρδία

258 1572 312 1640 καὶ
345 1571 402 1640 διά
429 1575 528 1641 τοῦτο
556 1571 612 1639 καὶ
640 1570 677 1640 τὸ
707 1571 888 1660 θυμοειδὲς
916 1573 1124 1640 ἐνδείκνυται
1157 1575 1215 1658 της
1244 1577 1356 1659 ψυχῆς
1387 1578 1429 1643 ἐν

259 1677 344 1770 αὐτῇ
373 1685 590 1772 κατῳκίσθαι.
639 1683 742 1748 ταῦτα
772 1677 838 1764 άριι
870 1679 925 1748 καὶ
958 1677 976 1748 δ
1002 1677 1149 1746 Πλάτων
1179 1677 1242 1767 την
1271 1686 1428 1768 καρδίαν

260 1793 350 1876 ἔλεγε
378 1788 490 1876 πηγην
516 1789 578 1855 τοῦ
605 1788 873 1875 περιφερομένου
896 1786 979 1855 κατὰ
1006 1786 1116 1856 πάντιι
1143 1789 1225 1874 με’λη
1259 1794 1428 1878 σφοδρῶς

261 1899 409 1985 αἵματος.
463 1893 506 1964 οὐ
541 1891 666 1963 ταύτὸν
699 1895 762 1983 μάρ
800 1897 892 1963 ἐστιν
931 1891 948 1982 ἢ
985 1893 1097 1982 πημην
1134 1899 1273 1982 ιιίμιιτος
1305 1893 1427 1980 ἁπλῶς
1461 1967 1466 1976 ,

220 2007 366 2072 ιεείπεΐν
396 1999 413 2092 ἢ
442 2013 644 2090 προσθεῖναι
669 2005 746 2072 ‘rori
773 2003 1041 2090 περιφερομένου
1064 2003 1243 2090 σφοδρῶς.’
1289 2001 1327 2072 cd
1355 2007 1427 2094 μὲν

260 2109 324 2198 γάρ
348 2112 381 2192 ἐξ
408 2110 530 2199 ἥπατος
552 2109 751 2200 ὁρμώμενον
775 2107 817 2178 οὐ
839 2113 1050 2196 περιφίρεται
1069 2113 1237 2196 σφοδρῶς,
1262 2109 1310 2178 δτι
1336 2115 1425 2200 μήτε

259 2219 495 2308 πνευματῶδίς
513 2221 580 2288 ε’στι
601 2216 686 2308 μηδ’
709 2217 796 2298 ὅλως
814 2217 1002 2304 σφάζουσιν
1016 2221 1054 2286 ιιί
1068 2219 1277 2305 περιέχουσαι
1299 2223 1426 2306 φλέβες

299 2401 398 2468 ιπερι
416 2417 467 2456 nos
491 2399 665 2464 andrunnun
689 2399 722 2454 cf.
743 2398 827 2454 Proll.
852 2417 887 2476 p.
903 2405 1018 2454 107.—
1046 2397 1117 2468 Ὶμη
1142 2397 1222 2452 uncia
1245 2396 1420 2454 inclusimus

262 2504 294 2514 -
316 2469 537 2542 strenuitates
556 2471 653 2526 M.-
678 2477 693 2526 9
714 2471 849 2526 ¹trerbis
869 2465 907 2532 ὡς
925 2461 979 2524 οδε
998 2470 1083 2540 incip.
1103 2475 1226 2540 excerpt.
1246 2469 1325 2526 KXll
1342 2474 1420 2526 codi-

261 2562 325 2602 cum
344 2543 453 2598 F.-P
474 2539 689 2610 πιενματόδοις
708 2543 790 2598 Ρ.--
782 2563 861 2596 -και
880 2541 992 2608 ζεοντος
1011 2541 1093 2596 P
1120 2547 1152 2595 12
1172 2543 1348 2597 sarnacum
1370 2545 1393 2598 F
1399 2545 1421 2598 P

262 2619 457 2686 ιιατῳιιεισδιιι
482 2615 568 2670 Mau
593 2615 780 2688 ιιιιτῳκηοθαι
804 2613 888 2680 ChK3
912 2613 947 2668 ci.
973 2613 1056 2668 Proll.
1081 2630 1109 2684 p.
1134 2617 1177 2668 47.
1206 2643 1238 2653 ·-
1266 2621 1298 2669 13
1321 2613 1421 2684 iterra

261 2673 454 2743 ABChKae
477 2693 509 2742 16
529 2683 582 2756 ηίιρ
603 2703 657 2742 om.
678 2687 708 2741 P.
728 2717 761 2727 -

263 2870 369 2937 fusius
397 2871 432 2936 iu
460 2869 703 2936 commentariis
732 2869 771 2934 de
799 2867 1013 2934 facultatibus
1041 2867 1248 2934 naturalibus
1276 2871 1421 2936 ostendi·

263 3001 345 3044 mus.
383 2977 490 3054 Quane
510 2981 542 3043 ct
566 2977 608 3060 id,
631 2977 716 3062 quod
737 2999 835 3062 supra
855 2976 1047 3041 distuleram
1070 2975 1109 3042 de
1129 2975 1237 3042 cordis
1261 2979 1421 3064 sanguiue

264 3087 385 3170 dicere,
413 3107 499 3152 nunc
523 3085 588 3152 iam
613 3085 737 3150 dictum
768 3089 819 3150 est
846 3089 879 3150 et-
902 3085 1016 3168 simnl,
1048 3087 1206 3171 quantum
1230 3087 1421 3159 erraverint,

264 3195 321 3281 qui
345 3217 402 3261 cor
425 3217 582 3260 venarum
606 3215 733 3279 quoquc
758 3193 919 3278 originem
943 3215 1013 3258 esse
1037 3193 1198 3278 dixerunt,
1220 3191 1420 3260 demonum-

265 3307 345 3368 tum.
390 3301 477 3369 Nam
502 3301 530 3366 si
555 3300 724 3388 sanguinis
749 3299 932 3382 cuiusdam,
960 3301 1115 3368 continuo
1140 3321 1296 3366 venarum
1319 3301 1419 3368 etiam

266 3409 392 3476 scilicet
415 3409 576 3496 originem
601 3431 671 3473 esse
694 3409 973 3492 existimaverunt,
1001 3408 1087 3474 sicut
1111 3407 1317 3494 arteriarum,
1338 3431 1421 3495 quac

266 3518 460 3605 sauguinem
489 3517 716 3582 tenuissimum
741 3516 1042 3602 calidissinrumque
1070 3515 1202 3582 habent.
1248 3515 1295 3583 t't
1322 3517 1422 3602 igitur

266 3626 471 3710 arteriarum,
494 3625 542 3691 ita
561 3625 727 3711 spirabilis
748 3630 781 3690 ct
803 3625 959 3690 ferventis
980 3625 1149 3712 sanguinis
1167 3625 1201 3690 in
1222 3625 1421 3692 animalibus

266 3757 324 3802 cor
342 3737 391 3799 est
410 3733 606 3819 principium
628 3737 660 3798 et
680 3733 752 3798 sous
774 3733 815 3799 ob
831 3755 965 3818 eamque
985 3755 1119 3798 causam
1137 3733 1326 3800 iracundiae
1344 3757 1422 3820 quu-

266 3865 329 3930 que
353 3842 462 3908 sedem
485 3843 519 3907 in
543 3863 582 3906 eo
605 3840 802 3908 collocatam
826 3865 897 3906 esse
922 3841 1132 3908 ostendimus.
1168 3843 1278 3928 Atque
1300 3841 1423 3910 idcirco

267 3950 368 4016 etiarn
397 3949 493 4016 Plato
521 3971 578 4014 cor
606 3950 675 4014 eius
704 3949 872 4034 sanguinis
900 3949 1026 4016 fontem
1055 3970 1126 4016 esse
1158 3948 1255 4036 dixit,
1282 3951 1336 4037 qni
1363 3973 1423 4036 per

267 4057 378 4125 omnia
402 4057 550 4122 membra
574 4055 782 4122 vehementer
805 4057 1076 4124 circumferretur.
1125 4055 1202 4124 Non
1225 4059 1313 4125 enim
1335 4057 1422 4126 idern

269 4169 319 4231 est
344 4165 524 4251 sanguinis·
538 4165 663 4230 fontem
687 4167 882 4250 simpliciter
910 4166 1016 4232 dicere
1040 4169 1073 4230 ct
1096 4165 1214 4232 addere
1238 4165 1305 4254 ‘qui
1328 4165 1420 4232 rehe-

268 4279 395 4338 menter
420 4271 666 4339 circumfertur?
714 4273 777 4350 Qui
801 4274 887 4339 eninr
911 4297 949 4338 ex
974 4274 1079 4340 iecore
1102 4273 1334 4360 proficiscitur,
1355 4297 1422 4340 non

268 4380 478 4446 vehementer
501 4381 743 4465 circumfertur,
771 4382 891 4468 quippe
916 4405 990 4448 cum
1012 4405 1072 4449 uec
1096 4381 1264 4468 spirabilis
1287 4383 1332 4448 ait
1353 4403 1422 4468 nec,
