3022 5038
594 341 841 408 -589-

132 503 277 570 inaurea
300 495 437 588 ὑπάρξει
461 503 530 570 τῶν
552 497 672 568 ὄντων.
718 507 809 586 εἰπερ
833 499 897 588 γὰρ
920 497 958 568 τὸ
982 499 1156 586 βέλτιστον
1179 499 1218 566 ἓν
1240 497 1295 566 καὶ

134 605 155 696 ἡ
184 608 350 696 τελειότης
383 609 450 678 ἐστὶ
488 615 564 698 μία,
601 607 686 677 κατὰ
717 606 779 695 μὲν
811 607 849 676 τὸ
883 605 1075 694 λογιστικὸν
1107 607 1208 695 μέρος
1237 607 1298 694 τῆς

133 719 246 804 ψυχῆς
268 716 452 805 ἐπιστήμην
479 713 667 806 ἀναγκαῖον
690 713 777 784 εἶναι
803 714 867 802 την
894 709 1033 801 ἀρετήν,
1060 715 1116 784 καὶ
1144 723 1236 804 εἰπερ
1259 715 1299 782 ἓν

132 823 238 894 τοῦτό
266 826 334 893 ἐστι
362 825 472 914 μόνον
500 827 538 894 ἐν
565 839 638 906 ταῖς
666 837 788 912 tralata
815 819 911 911 ἡμῶν
932 821 970 892 τὸ
995 821 1229 912 λογιζόμενον,
1256 818 1300 890 ού

133 930 200 1020 χρὴ
235 939 343 1021 ζητεῖν
375 927 495 1018 ἀρετὰς
526 931 663 1013 πολλάς·
703 937 734 1000 εί
767 932 804 1000 dl
837 931 892 999 καὶ
919 929 988 998 τὸν
1021 929 1134 1020 θυμὸν
1167 935 1325 1020 ε’χομεν,ο

134 1039 325 1128 ἀναγκαῖον
348 1047 438 1110 ἔσται
458 1037 617 1112 κάκείνου
635 1039 795 1127 γενέσθαι
818 1036 882 1126 τὴν
905 1033 1037 1126 ἀρετήν.
1073 1036 1162 1108 οὗτοι
1185 1037 1223 1107 dl
1247 1041 1279 1106 εί
1292 1037 1297 1126 l

134 1149 194 1218 καλ
222 1157 336 1234 τρίτον
364 1147 446 1218 ἄλλο
474 1148 558 1236 πρὸς
584 1147 717 1228 τούτοις
749 1157 817 1236 είη,
854 1145 892 1215 τὸ
932 1146 1193 1234 ἐπιθυμητικόν,
1225 1145 1366 1234 {briem

135 1256 203 1346 piu
225 1247 322 1326 αὗται
354 1271 458 1344 τρεῖς,
487 1255 570 1344 ύλλη
600 1255 636 1324 dl
666 1257 701 1324 ἐκ
727 1259 786 1343 τῆς
813 1252 897 1342 πρὸς
923 1249 1070 1342 ἀλλήλας
1092 1251 1205 1324 αύτοῖν
1226 1257 1300 1343 σχί-

136 1387 224 1446 σεοις
246 1371 373 1453 γίνεται
396 1365 546 1453 τετάρτη.
591 1355 656 1453 ἆρα
678 1363 724 1452 μή
747 1390 778 1432 τι
802 1360 930 1451 μακρὸς
952 1357 971 1431 ὁ
995 1362 1107 1452 λόγοςς
1132 1359 1300 1452 οὐδαμῶς,

136 1471 251 1560 ὥσπερ
279 1471 359 1542 ούὸὲ
391 1471 492 1555 ἄλλος
519 1470 632 1554 οὐδεὶς
659 1475 728 1540 τῶν
756 1471 1032 1558 ἕτιστημονικῶν.
1081 1467 1165 1540 ἀλλὰ
1188 1471 1299 1561 μαυρὰ
1315 1494 1340 1536 ιο

138 1583 252 1668 λε’γειν
277 1577 362 1669 ἡμᾶς
380 1578 628 1669 ἀναγκάζουσιν
646 1583 683 1649 οί
703 1583 885 1667 ληροῦντες
906 1577 1028 1666 μακρά,
1051 1578 1204 1668 καθάπερ
1222 1575 1301 1670 ἀμί-

138 1699 191 1759 λει
215 1691 269 1758 καὶ
294 1693 359 1758 νύν
378 1687 565 1778 ἀναγκαῖόν
588 1689 690 1772 ἐστιν,
714 1691 745 1755 εί
761 1687 817 1755 καί
840 1684 885 1774 μὴ
904 1687 1022 1767 τελέως
1040 1685 1161 1776 μακρά,
1184 1689 1301 1777 με’τοια

138 1801 229 1886 γοῦν
252 1803 298 1866 ἔτι
324 1803 475 1866 ὁιελθεῑν
498 1795 582 1883 ὑπὲρ
604 1799 673 1864 τῶν
696 1797 755 1882 τῆς
782 1797 890 1883 ψυχῆς
913 1791 1051 1881 ἇρετύν.
1096 1799 1127 1864 τί
1148 1795 1228 1883 peip,
1255 1793 1302 1878 ὥς

139 1913 336 1995 ἔμπροσθεν
358 1907 536 1988 σε’ὄειτιται,
559 1906 675 1992 ἕτερον
697 1903 760 1992 μέν
784 1903 851 1970 ἐστι
871 1901 908 1971 τὸ
933 1901 1163 1992 λογιζόμενον,
1185 1905 1301 1992 ἕτερον
1391 1893 1395 1900 ’

140 2015 181 2084 dl
204 2012 241 2082 τὸ
271 2015 482 2101 ἐπιθυμοῦν,
510 2011 592 2082 ἄλλο
619 2011 656 2080 dl
684 2007 722 2079 τὸ
747 2009 985 2098 θυμούμενον,
1013 2017 1103 2080 ἔσται
1126 2037 1178 2092 τις
1199 2007 1299 2102 ἀρετὴ
1316 2032 1342 2074 ιο

35 2191 40 2196 .
137 2118 222 2192 καθ’
248 2123 389 2190 ἕκαστον
413 2117 526 2190 αὐτῶν
548 2125 619 2208 μία.
663 2117 755 2187 κύλιι
779 2123 914 2204 τοίνυν,
942 2123 973 2187 εί
994 2115 1126 2206 βούλει,
1153 2117 1217 2206 τὴν
1237 2118 1301 2207 μὲν

181 2319 442 2408 ἱρίλτιστιπΡ
410 2319 555 2388 -λμία
573 2317 622 2372 aul
641 2312 715 2372 arrd
733 2315 845 2370 ΡΡ.-
870 2311 1030 2400 λοητττιτὸτ
1049 2311 1201 2404 ἐπιστήμη,
1226 2313 1299 2374 κατὰ

138 2393 175 2450 dl
196 2411 227 2449 το
246 2386 374 2463 θυμιτιόν
393 2386 477 2458 eripe
496 2391 546 2444 τιαλ
565 2391 642 2458 τρίτη
661 2409 714 2442 τιατ
716 2383 734 2442 d
758 2383 790 2442 τὸ
811 2383 936 2458 λπιθομι
924 2383 1034 2456 ητιτιόν,
1060 2383 1177 2456 nllpd'
1193 2359 1284 2444 λιι·
1250 2409 1265 2444 τ
1268 2408 1301 2458 ης

139 2461 215 2534 πρὸς
232 2487 258 2520 τι.
278 2485 301 2520 τ.
319 2467 373 2532 L(
363 2467 398 2532 (a
419 2468 446 2530 8)
467 2461 577 2516 Fe-
602 2457 711 2530 οθομ
700 2479 744 2528 ον,
762 2455 921 2529 ἀναγκαῖον
906 2459 1020 2516 vcodd.
1040 2460 1104 2515 edd
1122 2457 1220 2530 θυμὸν
1240 2408 1301 2530 ίῑο-

140 2557 274 2696 'filiaeve
294 2556 327 2664 d
340 2553 410 2664 ἒῗς
418 2533 573 2676 -Cfcib’nmllli
592 2481 811 2674 αραιῗὲλλῦλιὲ,
828 2532 967 2660 btiwddrrdld
981 2528 1128 2676 ἓςῗξτη-
1119 2531 1302 2672 delfldmdraerdrcr

140 2676 237 2754 μήτιος
254 2681 317 2752 (sic)
336 2675 395 2736 λστλ
413 2679 451 2735 ll.
471 2709 503 2720 -

139 2881 232 2950 Nam
261 2881 290 2948 si
322 2880 484 2968 optimum
517 2879 658 2968 quidque
691 2901 791 2946 unum
826 2883 876 2944 est
903 2901 1033 2966 unaque
1063 2877 1239 2965 perfectio,
1267 2879 1302 2946 in

141 2989 300 3058 rationali
325 2987 426 3055 animi
449 2993 542 3073 parte
566 2971 828 3054 scientiam'esee
852 2987 1008 3054 virtutem
1031 3009 1163 3054 necesse
1187 2991 1247 3074 est,
1269 2993 1303 3054 et

142 3097 175 3164 si
199 3096 271 3164 sola
294 3095 376 3162 haec
395 3095 597 3162 ratiocinans
621 3096 656 3160 in
675 3094 936 3162 animisnostris
960 3095 1047 3162 inest
1064 3093 1215 3182 facultas,
1236 3118 1302 3164 nou

142 3227 230 3291 opus
261 3207 312 3270 est
343 3203 483 3268 virtutes
518 3223 673 3288 quaerere
705 3203 840 3290 multas;
873 3203 925 3268 sin
958 3207 1067 3270 οολειτι
1100 3203 1303 3271 iracundiam

142 3334 275 3400 quoque
311 3310 487 3394 habemus,
524 3309 620 3376 buius
656 3333 785 3396 quoque
822 3311 991 3396 aporiabit
1028 3312 1195 3398 propriam
1233 3335 1303 3378 esse

142 3419 312 3488 virtutem.
349 3416 403 3484 Sic
426 3439 563 3506 quoque,
586 3417 614 3484 ei
639 3417 706 3484 alia
728 3419 826 3485 tertia
851 3419 891 3484 ad
915 3419 975 3484 hos
999 3419 1132 3486 accedet
1154 3419 1304 3502 facultas,

144 3525 429 3614 concupiscibilis,
458 3529 525 3591 tres
550 3525 687 3591 subinde
714 3525 777 3591 hae
800 3527 937 3592 virtutes
961 3533 1071 3610 erunt,
1099 3527 1164 3594 alia
1194 3533 1303 3594 autem

143 3639 265 3724 quarta
289 3656 327 3701 ex
351 3633 467 3700 harum
490 3633 634 3700 interce
657 3633 815 3700 relatione
834 3639 997 3700 nascetur.
1033 3666 1048 3700 ι
1052 3633 1199 3722 nmquid
1223 3633 1304 3702 haec

143 3746 249 3832 longa
275 3743 360 3810 ratio
389 3741 461 3806 est‘?
512 3741 661 3822 Minime,
694 3741 965 3826 quemadmodum
998 3765 1102 3828 neque
1135 3741 1201 3808 alia
1229 3741 1306 3828 ulla,

144 3871 232 3938 quae
260 3849 392 3936 quidem
421 3849 619 3936 elegantiam
653 3849 832 3914 disserendi
865 3849 975 3916 babet
1027 3849 1089 3916 Sed
1116 3851 1217 3938 longa
1243 3871 1305 3918 noe

144 3959 197 4026 uti
221 3957 370 4026 oratione
399 3963 521 4044 cogunt
545 3957 615 4041 isti,
642 3955 697 4042 qui
723 3959 858 4024 verbose
881 3963 1060 4044 nugantur,
1087 3963 1124 4024 ut
1151 3957 1185 4024 in
1214 3981 1305 4044 pree·

146 4067 258 4133 sentia
279 4065 376 4132 nobis
400 4067 425 4130 si
449 4087 515 4130 non
536 4087 680 4149 prorsus.
704 4069 790 4129 certe
809 4065 1016 4131 mediocriter
1034 4065 1133 4152 longa
1157 4067 1305 4132 oratione

146 4173 189 4240 de
213 4173 314 4240 animi
337 4171 516 4238 virtutibus
540 4171 697 4237 disserere
720 4194 851 4237 necesse
876 4179 934 4238 est.
974 4171 1061 4239 Nam
1085 4173 1124 4258 si,
1147 4177 1306 4260 utsupra

145 4281 411 4348 demonstratum
440 4285 506 4364 est,
539 4279 605 4346 alia
637 4289 687 4344 eet
720 4281 859 4346 l'acultas
889 4281 1103 4364 ratiocinans,
1135 4281 1203 4348 alia
1229 4305 1304 4350 con·

146 4389 335 4474 cupiscens,
367 4387 434 4454 alia
467 4387 625 4474 irascens,
658 4411 721 4454 una
750 4391 910 4474 quaedum
938 4389 973 4456 in
1002 4389 1141 4476 singulis
1169 4389 1212 4456 iis
1241 4391 1305 4458 erit
