2994 5024
618 292 892 370 -aoo-‚-·

160 458 343 542 προχείρου
364 479 416 532 τις
437 449 588 534 ἀξιώσειε
607 449 806 578 λαμβάνειν,
829 445 912 516 αὐτο
935 445 974 516 τὸ
1000 445 1205 574 ζητούμενον
1227 443 1328 524 λε’ψε·

160 587 227 629 ται.
280 559 465 638 Πλάτωνος
497 559 560 646 μὲν
592 555 657 644 γὰρ
695 559 852 644 λέγοντος
884 551 947 624 οὐκ
980 556 1016 622 ἐκ
1047 551 1174 624 ταύτοῦ
1205 555 1328 642 μέρους

163 663 335 756 ὁρμᾶσθαι
362 664 528 754 λογισμόν
554 691 590 734 τε
619 665 674 734 καὶ
702 661 819 752 θυμὸν
848 664 904 733 καλ
932 663 1133 750 ἐπιθυμίαν,
1167 659 1329 748 Ζήνωνος

134 774 200 844 ‘dt
224 775 263 844 ἐν
285 778 408 864 καρθιᾳ
431 769 727 862 καθιθρύουτος”
702 796 836 840 arram
859 774 1032 860 τροσήκον
1058 761 1115 856 ἦν,
1140 765 1249 858 οἶμαι,
1271 767 1328 838 καὶ

96 889 350 975 θθὸΧρνσίτιιτῳ
377 883 434 952 καλ
461 883 561 952 ταυτὶ
589 885 634 974 τῷ
663 879 745 968 μετὰ
774 881 779 970 Ι
808 879 976 948 Πλάτωνα
1004 879 1059 946 καὶ
1085 877 1230 964 Ζήνωνα
1258 883 1328 964 κρί-

164 1017 260 1060 νοντι
281 989 323 1060 τὰ
354 990 505 1078 δόγματα
533 990 602 1058 τῶν
630 986 769 1076 ἀνδρῶν
790 997 993 1078 προσθεῖναι
1024 987 1157 1078 θατέρῳ
1185 984 1248 1074 μὲν
1270 981 1330 1052 αὐ-

162 1101 233 1168 τῶν
256 1095 446 1183 ἀπόδειξιν,
469 1098 603 1190 θατέρῳ
632 1097 668 1167 di
693 1095 831 1186 ἔλεγχόν
854 1123 940 1166 τινα.
984 1096 1022 1164 τὸ
1054 1095 1090 1164 ὁὶ
1119 1093 1222 1182 χωρὶς
1247 1089 1330 1160 ἄτιο-

165 1206 300 1288 δείξεως
326 1201 589 1294 ἀποφήνασθαι,
616 1203 771 1290 καθάπερ
800 1201 818 1273 ὁ
847 1203 1044 1291 Χρύσιππος
1072 1203 1245 1288 ἐποίησεν,
1273 1197 1330 1286 ὥς,

165 1311 253 1382 ἔνθα
277 1307 320 1380 ἂν
347 1303 368 1402 ή
392 1311 429 1382 τὸ
460 1312 652 1400 παθητικὸν
678 1315 737 1398 τῆς
765 1315 887 1399 ψυχῆς,
918 1311 1067 1380 ἐνταῦθα
1098 1305 1215 1378 καὶτὸ
1240 1317 1330 1396 toyt-

125 1417 282 1490 ιοστικὸυ
314 1416 495 1508 ὑπάρχειν,
526 1419 693 1489 τοσούτου
724 1425 779 1488 θεῖ
808 1419 986 1510 φιλοσόφῳ
1014 1416 1212 1506 προσήκειν,
1245 1413 1330 1485 ὥστε

160 1523 248 1596 -ov'dt
271 1530 308 1596 οἱ
327 1527 466 1616 ῥήτορες
489 1524 569 1597 οὐὸὲ
598 1531 634 1596 οἱ
654 1529 812 1615 σοφισταὶ
835 1526 1042 1616 πράττουσιν
1064 1522 1161 1594 αὐτό·
1189 1527 1330 1612 πειρῶν-

165 1660 220 1704 ται
252 1638 339 1722 γοῦν
372 1632 521 1704 κάκεῖνοι
555 1641 688 1704 αι’στεσί
715 1655 784 1702 τισι
815 1644 978 1714 πιθανοῖς
1009 1636 1166 1722 χρῆσθαι.
1221 1631 1258 1700 τὸ
1292 1631 1330 1700 δὲ

166 1743 309 1812 ἕκαστον
335 1746 405 1812 τῶν
434 1745 646 1831 ζητουμένων
675 1745 708 1824 ἐξ
741 1743 878 1831 ἑτοίμου
910 1741 1096 1832 λαμβάνειν
1130 1739 1206 1809 οὔτε
1234 1761 1330 1826 σοφι-

167 1863 263 1930 σταῖς
293 1849 371 1920 οὔτε
407 1849 570 1940 ῥήτορσιν
599 1849 677 1920 οὔτε
716 1854 935 1930 διαλεκτικοῖς
972 1847 1049 1918 οὔτε
1086 1845 1331 1926 ἆτοοεικτικοῖς

128 1953 249 2026 isov'dt
280 1955 367 2038 ὅλως
394 1955 510 2028 οὐθενὶ
539 1963 608 2028 τῶν
634 1958 772 2028 πάντων
799 1957 970 2046 προσήκει.
1019 1956 1160 2024 κάλλιον
1189 1946 1253 2023 οὖν
1275 1945 1330 2042 ήν,

172 2185 387 2195 --—-·.-—--

206 2222 315 2284 λαῦτᾶ
334 2223 471 2283 roL.·-
495 2227 599 2284 2inde
619 2245 637 2283 a
656 2229 748 2284 verbis
768 2223 922 2290 Πλάτωνος
945 2247 997 2298 μεν
1021 2221 1076 2296 γὰρ
1101 2225 1185 2297 incip.
1205 2229 1329 2296 excerpt.

168 2297 366 2356 VIIcodicum
380 2298 487 2354 FP.-
508 2291 592 2354 tona
607 2317 688 2370 pro
674 2292 754 2354 τνΙι.
776 2329 807 2340 -
824 2305 840 2355 ὁ
860 2301 907 2354 κοιλ
927 2303 993 2370 post
1008 2299 1163 2382 ipuotnmo
1179 2315 1233 2354 οιιι
1250 2298 1279 2352 L.
1296 2327 1331 2338 -·

167 2391 227 2426 τιαν
254 2367 389 2427 κλάτυνα
422 2371 528 2427 lineola
554 2373 620 2427 subt
609 2377 653 2427 ter
680 2391 739 2426 παν
762 2371 849 2426 ducta
872 2371 969 2426 P.·-
998 2379 1014 2425 6
1039 2391 1073 2424 τα
1099 2375 1165 2425 ante
1198 2365 1330 2440 δύ’,μιττα

169 2442 328 2501 οιιι.Ιι.-
352 2443 437 2498 Saul
457 2442 531 2498 ἔνθα
551 2439 627 2498 P¹
609 2463 648 2506 ως
671 2441 747 2499 ἔνθα
766 2443 864 2499 P².-
890 2449 923 2498 10
948 2441 980 2497 θε
1005 2442 1225 2530 prodrt'Loe-
1250 2446 1331 2510 φιλο

170 2510 380 2585 οόφυνΜ.-
377 2511 645 2602 τρουήκειΙι.-
669 2517 719 2570 και
738 2509 819 2570 vodo
839 2508 961 2570 udae
981 2509 1048 2568 ουδ’
1068 2513 1166 2569 P¹.-
1192 2519 1224 2568 12
1244 2513 1334 2568 verbu

169 2588 332 2644 κλοτετι-
356 2583 388 2642 τὸ
408 2586 440 2643 δὲ
461 2605 514 2642 orn
531 2585 616 2642 1..-
582 2588 666 2642 -in
684 2588 770 2643 verbo
778 2588 914 2676 χρῆσθαι
934 2585 1022 2641 desin.
1033 2587 1164 2672 excerpt.
1179 2585 1232 2640 vn
1251 2585 1334 2642 codd

170 2659 284 2716 FR-
304 2665 337 2714 13
356 2656 430 2714 καθ’
451 2658 673 2716 ἷκαοτονΙι.-
700 2666 732 2714 15
753 2654 787 2715 od
806 2679 864 2732 μην
882 2675 934 2730 pro
953 2653 1006 2714 ονίι
1028 2649 1166 2727 ήνΒ.-
1193 2665 1226 2714 1⁶
1243 2675 1334 2726 κρον

170 2743 325 2860 θομήοθαι
344 2785 381 2841 Μ.
401 2815 435 2828 -

171 2957 292 3022 ponere
316 2933 466 3018 voluerit,
488 2934 517 2998 is
540 2956 608 3000 rem
634 2934 752 3020 ipsam,
775 2933 814 3000 de
838 2955 903 3020 qua
926 2935 1108 3022 quaeritur,
1132 2933 1227 3020 quasi
1255 2955 1332 3000 oon-

172 3065 299 3109 cessam
326 3045 436 3126 pouet
486 3040 574 3107 Nam
607 3065 680 3108 oum
709 3042 803 3108 Plato
836 3051 935 3130 neget
966 3067 1006 3110 ex
1039 3041 1151 3108 eadem
1185 3043 1333 3128 corporis

172 3153 266 3236 parte
289 3148 451 3216 rationem
475 3153 508 3214 et
531 3149 734 3216 iracundiam
758 3155 791 3216 et
814 3151 1028 3236 cupiditatem
1052 3149 1223 3232 exsistere,
1246 3147 1334 3216 Zeno

173 3262 283 3324 autem
306 3257 418 3324 omnia
440 3257 476 3322 in
504 3257 599 3324 oorde
624 3259 775 3344 collocet,
803 3263 837 3324 et
860 3255 1039 3345 Chrysippi
1069 3261 1140 3323 erat
1163 3263 1196 3323 et
1224 3259 1335 3324 uuius-

173 3366 339 3453 ouiusqua,
361 3366 418 3452 qui
441 3369 518 3450 post
536 3364 708 3432 Platonem
733 3373 765 3432 et
784 3367 949 3436 Zenonem
973 3368 1104 3433 decreta
1127 3389 1241 3433 eorum
1260 3387 1334 3432 exa·

173 3473 300 3540 minare
328 3474 441 3558 vellet,
473 3473 613 3540 alterum
641 3474 920 3542 demonstratione
953 3477 1161 3560 confirmare,
1193 3475 1334 3542 alterurn

173 3579 326 3647 refutare.
363 3581 409 3646 At
431 3582 501 3648 sine
525 3581 813 3668 demonstratione,
836 3584 922 3649 siout
944 3581 1152 3668 Chrysippus
1175 3582 1263 3668 feeit,
1285 3583 1335 3648 ita

174 3688 399 3776 pronuntiare,
417 3689 539 3756 ibidem
554 3714 625 3756 esse
640 3691 836 3758 rationalem
851 3691 979 3756 animae
998 3697 1137 3776 partem,
1157 3691 1271 3758 ubisit
1286 3713 1335 3774 ea.

174 3819 259 3885 quae
278 3798 455 3889 ¹attactibus
484 3797 626 3866 obnoxia
655 3800 712 3884 sit,
740 3803 869 3866 tantum
898 3821 916 3864 a
945 3797 1145 3884 philosopho
1169 3799 1336 3886 abhorret,

175 3909 213 3972 nt
234 3929 276 3972 ne
296 3909 443 3973 oratores
471 3905 601 3992 quidem
625 3912 682 3973 aut
711 3907 879 3995 sophistae
903 3905 936 3972 id
964 3907 1102 3992 faciant,
1131 3909 1251 3996 quippe
1278 3910 1336 3995 qui

177 4018 335 4082 conentur
376 4014 495 4080 saltem
538 4015 763 4101 probabilibus
801 4013 995 4102 quibusdam
1037 4017 1240 4101 argumentis
1277 4017 1337 4084 uti

178 4121 343 4210 Quidquid
365 4129 475 4188 autem
498 4123 533 4188 in
556 4123 782 4208 quaestionem
806 4127 955 4208 vocatur,
978 4123 1011 4188 id
1035 4123 1184 4190 absolute
1208 4147 1337 4192 sumere

176 4251 237 4298 neo
261 4229 420 4316 sophistis
440 4252 499 4297 neo
518 4232 705 4298 oratoribus
729 4253 789 4297 neo
807 4229 989 4298 dialecticis
1012 4253 1072 4298 neo
1091 4233 1338 4300 demonstrandi

177 4337 295 4426 peritis
318 4361 378 4406 neo
397 4339 532 4408 omnino
551 4341 705 4428 cuiquam
724 4363 763 4406 ex
782 4341 928 4406 omnium
946 4362 1083 4408 numero
1102 4339 1189 4406 licet
1226 4337 1339 4408 Satius
1440 4415 1447 4422 ,
