2976 5028
687 327 945 430 ’'m-s

160 509 329 577 δεῖγησιν
351 485 625 575 ἀξιολογωτέραν
642 485 775 572 ἄρχεται
796 486 801 576 Ι
822 485 946 572 λόγων,
969 486 1008 553 ίν
1030 478 1082 566 οἷς
1099 485 1167 554 ε’στι
1192 485 1246 552 rut
1271 511 1291 554 ο
1314 485 1383 568 περί

228 599 287 684 τῆς
313 597 444 682 φωνῆς,
475 587 518 665 οὗ
545 594 628 663 κατὰ
656 592 693 662 τὸ
723 591 885 678 ὁεύτερον
912 591 1147 682 ἐμνημόνευσα
1180 597 1289 662 cavete
1321 594 1387 660 τοῖν

227 699 496 791 ὑπομνημάτων,
525 704 563 771 ίν
586 693 613 793 ᾧ
637 707 757 792 βιβλίῳ
784 699 912 780 πάντας
939 701 1036 782 ἔδοξέ
1059 727 1117 788 μοι
1140 701 1281 769 κάλλιον
1304 685 1385 768 εἶναι

227 811 443 896 παραθέσθαι
477 807 558 890 τοὺς
589 807 729 896 λόγους,
763 814 799 874 οἳ
822 807 860 876 τὸ
896 805 1048 876 πιθανὸν
1079 813 1193 894 ἔχουσι
1226 811 1281 876 καί
1316 805 1385 894 ούχῖ

194 913 412 1003 εᾶπόβλητοι
439 917 558 996 τελέως
595 917 681 984 εἰσίν
714 913 795 984 oaldi
825 929 987 1001 γυναῖκας
1023 912 1104 984 osae
1138 915 1275 996 ίόιτύτας
1312 913 1387 984 or'dt

229 1025 448 1112 ἐτυμολογίας
474 1020 620 1112 ἢῳορίις
639 1027 760 1110 χειρῶν
783 1018 803 1090 ί
828 1021 1012 1102 ἐπινεύσας
1036 1018 1054 1110 ἢ
1074 1021 1274 1103 ἀνανεύσεις
1291 1051 1389 1110 ιτερα-

228 1133 290 1218 λης
319 1125 340 1218 ἢ
372 1129 512 1218 ποιητὰς
539 1134 775 1199 ἐπικαλοῦνται
808 1130 992 1218 μάρτυρας·
1021 1127 1074 1218 ἐφ’
1107 1122 1157 1200 ὦν
1189 1133 1244 1198 καί
1274 1131 1390 1219 μόνον

229 1235 391 1324 ἐγνώκειν
419 1253 615 1325 καταμεῖναι
642 1237 688 1326 μὴ
720 1239 884 1324 προσθείς
910 1235 1026 1318 αὐτοῖς
1051 1240 1145 1306 ταντλ
1174 1237 1216 1306 rte
1245 1242 1313 1306 νῦν
1335 1263 1390 1324 μοι

229 1343 437 1432 γραφόμενα.
483 1345 588 1428 δόξαν
611 1345 648 1412 (ti
672 1359 742 1426 τοῖς
765 1345 909 1430 ἑταίροις
931 1343 1073 1433 ίίμεινον
1097 1344 1196 1422 εἶναι,
1219 1345 1305 1432 μηβὲ
1329 1334 1390 1412 ὅσα

191 1479 216 1518 ιο
230 1451 444 1522 παντάπασιν
469 1449 684 1541 ἠβολίσχηται
710 1457 755 1543 τῷ
780 1457 979 1544 Χρυσίππῳ,
1006 1451 1090 1540 μηβὲ
1118 1449 1221 1520 ταῦθ’
1249 1449 1390 1538 ὑπερβη-

231 1587 287 1628 ναι
318 1563 504 1642 παντελῶς,
536 1556 620 1628 ἇλλίι
649 1557 926 1647 ἐπισημηνασθαί
950 1585 984 1628 τε
1016 1557 1079 1645 την
1107 1545 1252 1628 ιῖτοπίαν
1278 1556 1391 1628 αὐτῶν

231 1667 395 1748 ἐπιδεῖξαί
422 1693 457 1736 τε
489 1665 574 1754 πρὸς
604 1669 651 1762 τῳ
682 1667 789 1754 μηδὲν
814 1667 918 1734 πλεόν
950 1663 1070 1734 ἀνύειν
1096 1663 1182 1734 αύτίι
1212 1665 1298 1735 κατὰ
1325 1669 1391 1734 τῶν

231 1777 395 1842 Στωικῶν
436 1773 615 1861 δογμάτων
656 1774 922 1862 παρειλημμένα,
968 1769 1026 1841 διὰ
1057 1775 1158 1842 τοῦτο
1194 1777 1390 1860 προσέθηκα

230 1879 340 1948 πάντα
362 1884 466 1948 ταῦτα
488 1880 572 1950 κατὰ
593 1880 671 1950 aeide
695 1881 732 1951 τὸ
756 1885 901 1968 βιβλίον.
945 1881 1019 1968 περὶ
1044 1879 1106 1968 μὲν
1129 1879 1172 1968 ὀὴ
1196 1884 1393 1968 τῆςφωνῆς

191 2011 216 2053 ra
231 1985 335 2056 oridia
357 1991 405 2056 ἔτι
429 1991 547 2076 βέομαι
566 1989 677 2075 λέγειν
696 1990 734 2058 ἐν
757 1993 842 2080 τῳὸε
864 1988 1042 2078 σύμπιιντα
1060 1987 1122 2056 τὸν
1140 1987 1246 2073 λόγον
1270 1991 1392 2065 ίιιανῶς

231 2095 484 2182 ἐξειργασμένος
511 2097 548 2164 ἕν
574 2099 620 2188 τῷ
645 2095 708 2180 πρὸ
739 2095 862 2164 τούτου
884 2102 1020 2185 βιβλίῳ,
1049 2093 1111 2164 ὅσα
1135 2093 1172 2162 di
1201 2095 1323 2180 ἐφεξῆς
1345 2099 1388 2162 ε’τι

230 2204 291 2270 τοτ’
323 2203 399 2290 περὶ
435 2203 558 2292 τιιύτης
594 2204 698 2292 λόγου
734 2203 817 2272 κατὰ
854 2203 892 2272 τὸ
930 2207 990 2272 τοῦ
1025 2207 1224 2290 Χρύσιππον
1256 2208 1391 2290 βιβλίον

235 2341 355 2349 ..α-.-
387 2343 448 2348 ..-

269 2405 283 2455 1
310 2393 532 2486 ἅςιολογοτέρων
560 2401 596 2456 M.
625 2433 657 2442 -
677 2409 700 2484 ι’ί
730 2397 921 2486 ἐπικαλώνται
945 2401 982 2458 hl.
1009 2431 1041 2442 -
1071 2407 1086 2458 8
1113 2393 1270 2469 tracium
1294 2401 1337 2484 Μ.Ι
1357 2431 1392 2440 -

234 2477 267 2526 ta
290 2490 362 2538 προς
384 2491 416 2525 τα
441 2473 520 2528 codd.
545 2473 607 2528 edd.
633 2493 703 2542 προς
729 2495 766 2548 τῳ
791 2491 856 2542 nos;
884 2473 920 2528 ci.
943 2473 1029 2529 Pron.
1055 2491 1083 2544 p.
1108 2479 1151 2530 81.
1172 2503 1205 2512 -
1232 2479 1266 2528 15
1285 2491 1392 2542 τροιοτ

232 2541 366 2599 naflch
385 2537 475 2599 τόπον
494 2545 519 2600 Κ
537 2545 622 2615 λόγον
642 2563 701 2604 nos.
721 2576 755 2588 -

232 2747 331 2832 atque
345 2745 380 2812 in
399 2746 473 2832 ipsa
493 2747 701 2813 enarratione
720 2746 865 2813 rationes
887 2747 1079 2834 aggreditur
1096 2747 1195 2832 paulo
1214 2747 1395 2832 grauiores,

232 2877 250 2920 ο
273 2875 412 2939 quarum
436 2877 572 2920 numero
596 2855 654 2920 illa
678 2861 727 2920 est
752 2853 791 2919 de
815 2877 909 2940 voce,
935 2855 1028 2920 cuias
1051 2855 1086 2920 in
1109 2854 1251 2920 secrnrdo
1275 2855 1394 2922 horum

233 2961 543 3028 commentariorum
562 2962 763 3028 mentionem
787 2961 860 3047 feci,
883 2961 940 3028 ubi
963 2963 1046 3028 mihi
1069 2962 1175 3027 risum
1194 2967 1267 3026 erat
1290 2963 1394 3028 satius

233 3091 304 3134 esse
332 3091 497 3154 apponere
526 3091 639 3134 ornnes
663 3093 718 3135 eas
747 3071 1012 3156 1·ationes‚qnae
1039 3070 1313 3156 probabilitatem
1338 3071 1394 3136 ali·

233 3198 333 3263 quam
360 3175 535 3260 haberent,
561 3199 642 3262 non,
669 3200 751 3263 quae
779 3201 914 3264 prorsus
943 3177 1133 3244 obiciendae
1157 3183 1268 3242 essent
1296 3183 1395 3265 atque

233 3283 399 3368 mulieres,
420 3285 548 3370 uulgus,
569 3287 804 3371 etymologiam
824 3285 875 3350 vel
890 3309 1047 3352 mannum
1062 3285 1269 3352 admotiones
1285 3291 1395 3352 nutas-

234 3414 297 3478 que
320 3415 359 3458 ao
383 3397 517 3457 renatus
541 3393 660 3476 capitis
685 3394 735 3457 rel
756 3399 872 3477 poetas
896 3395 931 3460 in
954 3393 1181 3458 testimouium
1202 3395 1397 3478 proferrent.

234 3501 270 3566 in
292 3497 405 3584 hisque
429 3499 510 3565 solis
533 3499 740 3566 decreveram
760 3501 965 3586 acquiescere
988 3501 1242 3586 necquidquam
1268 3504 1395 3568 adicere

234 3627 363 3690 eorum,
396 3629 479 3692 ηιιιιο
507 3630 593 3672 mnae
626 3633 644 3672 a
676 3630 728 3673 me
756 3609 952 3674 scribuntur.
1003 3608 1066 3674 Sed
1094 3609 1250 3694 quoniam
1280 3611 1395 3676 amicis

234 3713 352 3780 melius
376 3713 482 3779 risam
507 3721 619 3780 estne
644 3738 751 3780 meras
775 3715 904 3802 quidem
929 3715 1107 3804 Chrysippi
1130 3739 1237 3802 nugas
1261 3719 1396 3784 omnino

234 3821 507 3908 praetermittere,
530 3823 585 3888 sed
610 3847 698 3906 cum,
721 3847 819 3910 quam
843 3823 1003 3890 absurdae
1028 3831 1152 3908 esseut,
1174 3831 1302 3894 notare.
1326 3835 1395 3892 tum

234 3930 459 3996 demonstrare
467 3981 475 4014 ,
511 3936 738 4016 praeterquam
777 3932 863 4018 quod
895 3931 979 3998 nihil
1017 3931 1159 4017 amplius
1193 3937 1396 4018 perficerent

235 4041 348 4103 contra
379 4037 526 4122 ipsorum
552 4037 737 4105 Stoicorum
766 4039 896 4106 decreta
919 4045 1082 4105 assumtus
1106 4063 1191 4122 esse,
1219 4051 1394 4127 propterea

236 4143 317 4210 liaeo
332 4145 442 4210 omnia
454 4145 515 4210 hoc
532 4147 616 4212 libro
632 4145 750 4212 addidi.
778 4145 828 4212 De
843 4171 921 4214 voce
936 4147 1065 4234 quidem
1080 4148 1235 4233 quoniam
1252 4149 1284 4214 iu
1303 4173 1395 4235 supe-

237 4251 323 4318 riora
345 4251 431 4320 libro
456 4252 537 4318 satis
558 4275 718 4339 superque
737 4255 847 4320 omnia
872 4256 1035 4340 persecuti
1055 4277 1177 4336 sumus,
1199 4255 1285 4323 nihil
1310 4281 1394 4324 nunc

237 4380 320 4444 opas
349 4363 398 4426 est
427 4358 569 4446 amplius
599 4361 770 4448 disserere3
804 4384 887 4448 quae
914 4384 991 4430 vero
1024 4367 1102 4450 post
1133 4361 1219 4432 huno
1247 4363 1288 4430 de
1316 4389 1394 4432 voce
