3048 5036
709 367 955 438 ...15ss-

246 530 405 620 τοιαύτης
425 527 610 618 ὑπηρεσίας
631 554 665 598 τε
689 529 744 596 καί
769 527 906 618 ίσχύος.’
952 524 1003 598 ὅτι
1031 527 1095 617 μὲν
1121 526 1187 617 γὰρ
1217 533 1273 600 δεῖ
1295 531 1415 602 τοιαύ-

246 666 306 730 της
326 635 510 728 ὑπηρεσίας
531 665 566 708 τε
594 638 650 708 καὶ
679 636 796 726 ἰσχύος
819 638 935 729 ἐκείνω
962 639 1008 730 τῷ
1035 638 1127 726 με’λει
1154 643 1218 708 τοῦ
1244 638 1414 730 σώματος,

247 744 267 817 δ
289 744 353 838 την
376 743 486 835 ἀρχὴν
505 750 566 835 τῆς
589 750 697 835 ψυχῆς
720 748 757 816 ἐν
777 747 884 838 ἑαυτῷ
903 745 1059 832 περιέχει,
1081 745 1255 834 πρόδηλον
1273 745 1414 818 ἅπαντι·

247 853 286 924 τὸ
309 855 424 944 μέντοι
452 851 516 942 τὴν
542 859 687 944 καρδίαν
715 859 815 924 τοῦτο
845 851 931 922 εἶναι
956 851 993 922 τὸ
1021 853 1123 939 με’λος
1149 852 1193 923 ού
1214 857 1324 946 μόνον
1348 854 1414 928 οὑκ

214 959 421 1044 εύπέδειξεν
444 959 462 1030 ὁ
484 957 721 1050 Ἀριστοτέλης,
744 957 828 1029 ἀλλὰ
853 957 933 1030 οὐδὲ
956 964 1112 1040 πιθανῶς
1134 963 1357 1054 ἐπεχείρησεν,
1382 970 1416 1034 εί

248 1068 294 1160 μὴ
323 1067 390 1159 ἄρα
417 1068 455 1138 τὸ
486 1069 619 1160 νεύρων
646 1074 735 1158 ἔχειν
762 1073 895 1156 πλῆθος
921 1065 1030 1156 αὑτίην
1060 1069 1181 1138 ίιιανὺν
1207 1069 1295 1141 εἶναι
1323 1073 1413 1161 γνού-

248 1199 353 1268 ρισμα
380 1183 506 1266 νομίζει
534 1182 597 1247 τοῦ
631 1177 765 1266 νεύρων
793 1173 957 1264 ὑπάρχειν
983 1173 1101 1264 ἀρχήν.
1146 1173 1230 1247 ἀλλὰ
1255 1177 1344 1249 οὑτω
1372 1209 1412 1270 γε

248 1287 304 1354 aab
327 1286 387 1367 τὰς
408 1299 522 1376 χεῖρας
543 1286 598 1354 καὶ
626 1283 707 1366 τοὺς
732 1285 841 1366 πόδας
867 1281 972 1374 ἀρχὰς
996 1281 1241 1374 ὑποληρύμεθα
1269 1287 1414 1376 νεύρων.

248 1389 294 1464 ἂν
321 1391 387 1482 γὰρ
420 1393 539 1464 ἱκανὸν
566 1391 654 1462 εἶναι
684 1399 892 1481 νομίσωμεν,
924 1399 1012 1462 ἔνθα
1040 1387 1083 1461 ἂν
1113 1385 1132 1484 η’,
1162 1397 1264 1483 νεῦρα
1291 1395 1413 1481 πολλοί,

211 1529 236 1566 ιο
249 1505 350 1572 τοῦτο
387 1497 496 1591 ἀρχὴν
531 1508 690 1570 τίθεσθαι
728 1499 878 1587 νεύρων,
916 1496 1019 1569 οὐδὲν
1052 1497 1139 1590 ἡμᾶς
1174 1501 1316 1572 κωλύσει
1354 1505 1411 1573 καί

250 1614 354 1680 ταῦτα
381 1609 423 1679 ab
449 1609 551 1699 μύρια
575 1607 710 1696 νεύρων
736 1605 840 1696 ἀρχὰς
869 1603 1060 1695 ὑπολαβεῖν.
1106 1607 1194 1679 οὑτω
1223 1610 1260 1679 δὲ
1290 1611 1345 1680 καί
1372 1611 1411 1682 τὸ

250 1722 296 1811 τῷ
324 1717 451 1811 δικτύῳ
478 1717 714 1806 παραπλήσιον
741 1719 869 1804 πλέγμα
896 1712 933 1783 τὸ
966 1713 1027 1784 ὑπὸ
1057 1720 1096 1806 τῇ
1124 1725 1244 1810 παχείᾳ
1270 1719 1412 1809 μήνιγγι

249 1830 320 1897 τῶν
343 1825 514 1918 ἇρτηριύν
540 1822 649 1914 ἀρχὴν
676 1827 820 1914 ἐροῦμεν
849 1819 907 1910 [ού
933 1821 997 1912 τὴν
1019 1829 1193 1913 ναρδιάν]·
1221 1823 1412 1917 ύναρίδμη-

249 1961 311 2005 τον
338 1933 404 2024 γάρ
435 1961 467 2002 τι
494 1938 627 2022 πλῆθος
657 1930 828 2022 ἀρτηριῶν
859 1932 928 2000 ἐστι
955 1931 1038 2000 κατὰ
1067 1935 1175 2004 ἐκεῖνο
1206 1934 1245 2004 τὸ
1273 1937 1414 2026 πλέγμα.

212 2043 345 2112 ιεταντλ
373 2041 437 2132 μὲν
461 2035 524 2112 οὑν
548 2043 584 2112 ἐκ
606 2047 802 2130 περιουσίας
828 2039 979 2128 εἰρήσθω
1006 2067 1064 2129 μοι
1091 2041 1177 2130 πρὸς
1202 2040 1240 2112 τὸ
1269 2043 1353 2132 μηδὲ
1381 2050 1417 2114 εί

182 2149 358 2230 nonnoni<
381 2150 464 2219 κατὰ
487 2149 550 2240 τὴν
575 2151 580 2242 Ι
604 2154 749 2239 καρδίαν
772 2149 928 2236 ἐφαίνετο
956 2151 1078 2239 νεῦρα,
1103 2149 1238 2232 πάντως
1264 2149 1308 2220 ἄν
1334 2179 1415 2222 τινα

289 2394 303 2441 1
323 2381 481 2454 ὑπηρεσίας
499 2386 548 2440 καὶ
567 2383 684 2440 Aristot.
705 2379 753 2438 ὑπ.
772 2403 801 2438 τε
822 2383 871 2438 παὶ
891 2381 911 2438 C
931 2387 997 2441 cett.
1020 2416 1056 2426 -
1080 2381 1152 2442 ι’)ού
1171 2385 1202 2442 δὲ
1224 2385 1245 2442 G
1264 2382 1332 2444 οὑδὲ
1353 2387 1414 2444 Cui.

251 2489 286 2501 —-
305 2466 321 2515 δ
342 2460 398 2514 τῶν
417 2455 527 2526 νεύρων
546 2457 566 2512 i·
574 2460 580 2488 ¹
600 2453 631 2513 τὸ
651 2451 761 2524 νεύρων
781 2455 815 2511 0²
829 2455 887 2512 [ni.
908 2459 956 2512 t‘h.
977 2489 1010 2498 -
1031 2463 1045 2512 ῖ
1065 2453 1140 2514 οὑτω
1160 2479 1190 2527 γε
1211 2457 1261 2523 τὰς
1280 2463 1313 2514 0¹
1336 2455 1415 2516 orirer

251 2551 283 2602 γε
302 2531 353 2586 καί
376 2551 399 2586 τ.
419 2529 478 2584 Cai.
501 2532 547 2599 (εί.
566 2529 651 2584 Prolt.
675 2547 703 2599 p.
722 2537 767 2590 tt,
792 2529 840 2582 t'lr.
867 2559 898 2568 -
923 2535 939 2582 9
960 2527 1034 2582 ἔνθα
1060 2522 1075 2598 η
1101 2533 1121 2584 t*
1146 2531 1204 2586 Cui.
1229 2528 1252 2588 ί.
1278 2524 1293 2603 ᾖ
1321 2533 1361 2588 Ch
1387 2535 1415 2588 Κ

253 2602 328 2659 ἔνθα
347 2593 384 2658 ἂν
403 2593 421 2673 η’
442 2619 506 2670 σοις
530 2603 565 2658 ot'.
580 2603 665 2656 Proll.
686 2620 713 2670 p.
737 2607 794 2656 101.
815 2631 848 2640 -
876 2609 907 2654 13
927 2596 962 2655 οὑ
982 2597 1035 2670 τὴν
1053 2605 1177 2672 καρδίαν
1200 2605 1279 2660 urreis
1298 2605 1415 2661 iuotnsi·

251 2693 323 2732 nmo.
343 2705 376 2716 -
398 2681 431 2730 14
450 2668 593 2746 ἇρτηριύν
612 2669 671 2728 ἐστὶ
691 2677 711 2728 C
731 2673 789 2730 cai.
809 2667 837 2728 ύ.
857 2667 916 2728 ἔστι
936 2674 985 2728 Ch.
1005 2705 1039 2714 -

255 2797 303 2805 ιη...-
318 2795 468 2804 --..-.-—

253 2914 438 2980 ministerio
457 2919 490 2979 et
508 2913 626 2978 robore
642 2933 724 2998 opus
740 2933 811 2976 esse
826 2911 856 2976 ei
872 2911 1018 2996 eorporis
1033 2913 1132 2998 parti,
1150 2935 1234 3000 qnae
1247 2915 1416 3002 principa·

252 3027 323 3088 turn
347 3023 477 3088 animae
501 3021 660 3104 eontinet,
688 3021 841 3086 omnibus
865 3021 1074 3104 perspicuum
1098 3027 1160 3108 eat3
1190 3027 1224 3086 at
1248 3045 1304 3089 eor
1326 3023 1414 3090 hane

253 3151 324 3196 esso
346 3133 475 3217 partem
498 3151 564 3196 non
587 3129 684 3194 medo
709 3151 775 3194 non
799 3128 1038 3192 deuronstrarit
1061 3129 1267 3213 Aristoteles,
1290 3132 1345 3197 seri
1370 3155 1413 3198 ne

253 3238 418 3325 probabili
441 3239 573 3324 quidem
597 3237 723 3302 ratione
743 3237 960 3318 combinavit,
983 3237 1047 3302 uisi
1071 3237 1165 3322 forte,
1188 3240 1273 3324 quod
1297 3263 1413 3308 nereo·

252 3368 325 3412 rum
353 3345 483 3432 copiam
511 3345 545 3411 in
578 3367 612 3409 ae
640 3345 776 3428 habeat,
809 3343 842 3409 id
871 3345 951 3409 satis
984 3345 1169 3432 argumenti
1203 3371 1274 3412 esse
1307 3355 1413 3435 putat,

253 3475 311 3520 our
334 3453 428 3542 origo
455 3475 631 3520 nervorum
660 3453 713 3518 sit.
763 3453 810 3516 At
838 3453 885 3518 sie
914 3457 947 3518 et
975 3475 1090 3518 manns
1114 3466 1147 3518 et
1174 3455 1273 3540 pedes
1297 3479 1413 3522 nervo·

253 3585 326 3628 rum
358 3563 520 3650 originem
558 3585 628 3626 esse
667 3561 855 3626 existimare
889 3561 976 3626 lieet.
1032 3559 1067 3626 Si
1103 3561 1190 3628 enim
1225 3565 1308 3629 satis
1340 3589 1411 3628 esse

253 3671 436 3756 opinemur,
458 3693 522 3757 quo
542 3671 574 3736 in
599 3675 692 3758 parte
716 3670 806 3734 nervi
832 3670 926 3734 multi
947 3671 1023 3754 sint,
1045 3671 1081 3736 in
1101 3695 1139 3736 ea
1157 3693 1332 3738 nervorum
1347 3674 1410 3736 ori·

252 3780 363 3864 ginem
388 3803 457 3844 esse
482 3785 640 3864 statuere,
672 3777 755 3843 nihil
781 3777 942 3862 elambit,
973 3781 1146 3864 quominus
1175 3779 1256 3844 haee
1284 3803 1411 3866 quoqne

254 3890 402 3956 membra
428 3911 603 3954 nervorum
632 3887 777 3974 origines
807 3896 968 3971 putemus.
1015 3885 1122 3954 Simili
1152 3889 1279 3954 ratione
1311 3889 1409 3954 etiam

253 4001 380 4064 textum
403 3997 465 4062 reti
494 3997 650 4080 similem,
678 3996 734 4082 qui
764 3995 824 4060 sub
849 4019 960 4060 crassa
990 3995 1113 4060 cerebri
1139 3997 1329 4062 membrana
1353 4005 1411 4080 est,

254 4105 449 4172 arteriarum
484 4103 645 4190 originem
678 4127 748 4168 esse
786 4107 864 4187 [non
893 4107 961 4186 eor]
995 4105 1102 4169 dicero
1135 4105 1225 4188 lieet,
1255 4107 1333 4192 quia
1365 4106 1410 4170 ibi

254 4213 501 4280 innumerabilia
526 4213 721 4278 arteriarum
745 4213 843 4297 eopia
867 4219 925 4279 eat.
973 4213 1035 4278 διδ
1063 4211 1143 4278 haee
1169 4237 1206 4278 ex
1231 4213 1409 4280 abundanti

254 4321 344 4388 diota
367 4321 447 4387 mibi
471 4326 548 4386 snut
571 4347 609 4386 eo
634 4323 781 4402 cornilio,
806 4345 844 4387 ue
868 4323 955 4407 ηοὶι,
984 4321 1114 4388 etiamsi
1140 4321 1232 4386 nrrrlti
1259 4323 1292 4388 in
1316 4323 1410 4388 corne

255 4431 346 4496 nervi
366 4435 582 4516 cernerentur,
606 4437 780 4516 propterea
800 4431 956 4516 omnium,
979 4431 1033 4516 qui
1060 4431 1092 4496 in
1108 4453 1243 4516 corpore
1259 4431 1409 4498 animalis
