3024 5022
705 289 946 356 ..400-

242 447 367 516 ἐαντοῦ
388 452 523 534 κίνησιν
540 453 754 534 καθίστησιν,
778 444 849 534 ἥτις
872 446 1001 534 ἐκράτει
1024 451 1084 536 τῆς
1101 445 1207 537 ὁρμῆς
1228 451 1291 518 τοῦ
1314 445 1397 538 ζῴον

240 556 295 623 καὶ
319 551 400 623 καθ’
426 554 550 642 εἀντίην
576 546 660 642 ἦμεν
683 551 737 640 ἐφ’
768 551 788 623 ὁ
814 583 846 622 τι
874 555 1051 642 παρήγετο.
1102 554 1230 624 ούκονν
1258 553 1395 624 ἀσυλλό-

239 682 348 748 γιστοι
380 665 439 749 τῆς
465 661 596 748 παύλης
622 666 691 729 τῶν
717 666 841 730 παθῶν
868 667 955 731 είσιν
985 667 1023 730 αί
1048 668 1167 748 ιιίτίαι,
1199 661 1353 748 καθάπερ
1378 657 1396 727 ὁ
1427 723 1433 732 .

240 767 436 858 Χρύσιππος
458 774 586 855 ἔλεγεν,
615 766 777 836 ἀλλὰκαὶ
801 768 892 838 πάνυ
919 785 1038 856 σαφεῖς
1067 774 1112 863 τῷ
1141 797 1177 858 γε
1206 770 1251 859 μη
1280 777 1397 856 βουλο-

212 877 330 968 εμένρι
358 884 564 964 φιλονεικεῖν
590 891 661 956 τοῖς
692 885 854 956 παλαιοῖς.
909 873 1012 946 οὐδὲν
1038 873 1104 962 γὰρ
1132 875 1236 957 οὗτος
1263 879 1398 966 ἐναργές

240 985 343 1070 ἐστιν,
366 981 412 1064 ιὸς
434 981 471 1052 τὸ
496 982 667 1071 δυνάμεις.
683 984 777 1063 τινας
800 985 838 1052 ἐν
864 997 937 1064 ταῖς
961 980 1134 1072 ἡμετέραις
1162 982 1249 1054 εἶναι
1279 984 1398 1071 ψυχαῖς

239 1195 280 1279 ἃς
302 1199 451 1287 ἐναργῶς
474 1194 626 1286 ὁρᾶσθαί
645 1219 728 1285 φησι
751 1195 815 1266 κάν
837 1212 908 1278 τοῖς
930 1196 1043 1278 ἅλλοις
1067 1197 1163 1290 ζῴοις
1185 1195 1203 1266 ὁ
1228 1197 1398 1266 Ποσειὸιὸ-
1492 1223 1493 1232 ’

239 1332 323 1392 νιος,
342 1303 452 1394 ὥσπερ
471 1305 526 1372 καὶ
545 1303 640 1392 ἡμεῖς
659 1307 871 1394 ἐπεδείξαμεν
895 1302 1001 1384 εὐθὺς
1020 1307 1057 1373 ἐν
1080 1303 1164 1394 ἀρχῇ
1184 1309 1246 1374 τοῦ
1264 1305 1398 1392 πρώτον

200 1441 227 1482 ιο
239 1411 441 1501 γράμματος.
495 1412 710 1500 ἐπιμέμφεται
745 1412 781 1480 di
819 1409 934 1500 ὀρθῶς
964 1417 1009 1504 τῷ
1041 1419 1225 1506 Χρυσίππῳ
1257 1410 1322 1482 κάν
1354 1418 1397 1506 τῷ

239 1519 346 1608 φάναι
379 1517 498 1607 ’τυχὸν
530 1519 567 1588 δὲ
599 1524 658 1607 τῆς
690 1517 795 1608 ὁρμῆς
826 1519 1053 1608 διαμενούσης
1079 1518 1142 1609 ούχ
1173 1518 1395 1590 ὑπακούσεται

240 1626 292 1696 ’τὰ
317 1628 391 1715 ἑξῆς
415 1626 472 1694 διὰ
495 1625 598 1696 ποιίιν
616 1624 723 1714 ἄλλην
747 1627 985 1715 ἐπιγινομένην
1009 1627 1188 1698 occidente?
1225 1626 1398 1718 ἀμήχανον

229 1736 304 1821 ’γὰρ
328 1732 419 1803 εἶναί
438 1753 521 1822 φησι
545 1749 706 1822 παρεῖναι.
724 1733 787 1822 μὲν
810 1734 873 1822 την
891 1733 1012 1822 ὁρμήν,
1036 1731 1101 1804 ὑπὸ
1122 1734 1224 1822 ἄλλης
1247 1738 1288 1804 de'
1307 1763 1398 1816 τινος

240 1847 349 1923 ιιίτίας
371 1839 563 1910 κωλύεσθαι
587 1841 650 1928 την
673 1840 756 1909 κατὰ
779 1838 886 1930 αύτίην
910 1844 1091 1929 ἐνέργειαν.
1127 1839 1212 1912 ὅθεν
1235 1841 1398 1913 κᾶπειὸἐιν

175 1951 321 2038 razim
346 1947 451 2019 ὀὕτω
474 1948 539 2036 γὰρ
562 1949 617 2017 καὶ
638 1949 643 2038 Ι
663 1956 835 2029 κλαίοντες
856 1949 1021 2018 παύονται
1045 1949 1099 2018 καὶ
1128 1947 1173 2038 μὴ
1196 1951 1395 2040 βουλόμενοι

163 2112 175 2120 .
200 2084 226 2124 ιι
241 2061 442 2144 εκλαίουσιν,
465 2055 549 2127 ὁταν
571 2054 690 2144 ὁμοίας
712 2055 751 2124 τὰ
776 2054 978 2145 ὑποκείμενα
1001 2063 1189 2144 φαντασίας
1210 2060 1315 2148 norff,
1336 2059 1398 2146 την

279 2277 426 2338 ῑεαντιον
437 2281 519 2338 codd
536 2278 630 2336 edd.
615 2282 720 2337 εαιτοῦ
740 2299 851 2336 nos.—
819 2281 955 2336 —th
974 2299 1024 2352 pro
1042 2282 1205 2346 anteiti-
1225 2283 1331 2353 aava
1349 2301 1399 2354 pro

240 2373 310 2426 φησι
329 2355 419 2410 Μ.-
446 2361 479 2410 10
498 2354 548 2408 τοῦ
568 2357 736 2440 Xoromrroo
755 2354 836 2409 codd.
855 2353 916 2409 edd
936 2353 974 2409 τύ
993 2357 1151 2440 λ’·’ρισιππιμ
1170 2371 1234 2420 τινες
1258 2357 1293 2410 ci.
1313 2356 1398 2412 Proll
1492 2367 1493 2370 ’

241 2445 291 2511 p
289 2433 386 2482 85.-
352 2425 454 2480 -καὶ
473 2421 505 2480 τὸ
525 2441 575 2497 pro
594 2422 650 2512 μιίν
669 2427 706 2479 roi
727 2425 816 2480 M.—
847 2433 879 2480 13
898 2412 968 2480 orior
988 2422 1074 2494 ἄλλης
1092 2425 1183 2482 Μ.-
1209 2434 1242 2482 14
1261 2447 1315 2482 κατ
1347 2423 1396 2482 ad
1492 2441 1493 2450 ³

241 2499 292 2554 τοῦ
311 2497 403 2553 Μ.-
425 2506 458 2553 lo
476 2491 548 2553 ὅταν
566 2517 603 2567 μη
624 2493 725 2568 ὁμοίας
744 2495 825 2552 Corn
845 2529 879 2540 -

167 2791 168 2794 ρ
240 2709 424 2796 appetenda
447 2707 585 2792 videtur,
608 2707 746 2794 appetit,
769 2709 826 2791 ita,
849 2707 908 2774 ubi
930 2713 980 2773 est
1002 2729 1041 2773 ca
1063 2713 1272 2794 consecutus,
1295 2709 1399 2796 reple-

241 2795 296 2882 tur
318 2821 417 2902 atque
439 2817 487 2881 ita
510 2815 558 2900 fit,
581 2819 617 2880 ut
636 2821 762 2881 motum
785 2815 890 2900 illurn,
913 2816 968 2902 qui
988 2815 1226 2901 appetitionem
1246 2817 1398 2882 animalis

241 2925 377 3010 regebat
405 2928 455 3008 et,
486 2944 677 3008 quocunque
708 2923 890 3010 ferebatur,
917 2945 1028 2990 seeum
1058 2923 1223 3008 rapiebat,
1246 2925 1339 2991 sedet
1362 2947 1398 2990 ac

242 3033 347 3098 sistat.
393 3029 522 3096 Causae
545 3031 647 3116 igitur
671 3030 849 3096 sedationis
873 3036 1048 3097 aticotuurn
1072 3031 1216 3114 minime,
1240 3037 1275 3098 ut
1299 3031 1400 3117 Chry·

242 3139 356 3226 sippus
385 3137 575 3223 dictitabat,
604 3137 788 3222 abstrusae,
811 3137 926 3223 imino,
949 3139 1014 3206 nisi
1037 3139 1111 3225 quis
1135 3161 1210 3206 cum
1233 3139 1399 3206 veteribus

242 3245 436 3314 contendere
475 3245 650 3312 ambitiose
688 3247 782 3330 velit,
818 3251 953 3331 apertae
992 3247 1074 3312 satis
1107 3246 1278 3332 claraeque
1315 3253 1400 3313 sant

244 3353 330 3432 Quid
353 3355 440 3420 enirn
458 3353 640 3418 evidentius
664 3376 762 3439 quarn
785 3354 820 3420 in
839 3354 1099 3420 animisnostris
1122 3375 1193 3420 esse
1215 3353 1401 3438 facultates,

243 3483 326 3548 quae
350 3467 468 3528 natura
487 3465 655 3546 appetant,
679 3462 781 3528 altera
803 3462 1016 3548 voluptatem,
1039 3463 1142 3528 altera
1160 3463 1343 3548 potentiam
1368 3469 1401 3528 et
1492 3539 1493 3548 η

242 3569 439 3636 victoriam?
486 3568 573 3646 Quas
597 3571 728 3654 quidem
750 3570 786 3636 in
814 3570 889 3635 aliis
913 3592 1041 3656 quoque
1064 3570 1262 3638 animalibus
1287 3579 1400 3658 aperte
1492 3563 1493 3570 '

242 3677 387 3763 conspici
411 3675 606 3744 Posidonius
630 3679 788 3762 affirmat,
816 3678 903 3744 sieut
925 3683 959 3743 et
981 3701 1042 3746 nos
1066 3680 1181 3745 statim
1208 3680 1243 3745 in
1267 3679 1400 3746 exordio
1446 3677 1451 3690 '

240 3784 338 3872 primi
371 3784 448 3850 libri
481 3785 787 3852 demonstravimus.
839 3786 929 3852 idem
959 3787 1029 3852 iure
1058 3786 1267 3872 reprehendit
1295 3785 1398 3872 Chry·

241 3893 373 3979 sippum
390 3893 552 3959 dicentem
576 3891 730 3960 ‘fortasse
749 3899 856 3960 autem
877 3899 1090 3980 permanente
1110 3895 1304 3962 incitatione
1324 3893 1398 3960 reli·

241 4021 305 4087 qua
328 4022 394 4066 non
417 4000 691 4086 obtemperabunt
719 4008 854 4088 propter
880 4003 1043 4088 quandam
1067 4003 1167 4068 aliam
1191 4003 1397 4069 affectionem
1492 3991 1493 4000 ¹

241 4107 545 4194 supervenientem?
590 4110 677 4175 Fieri
702 4111 789 4176 enirn
815 4133 884 4176 non
911 4133 1007 4195 posse
1031 4111 1092 4193 ait,
1121 4115 1157 4176 ut
1185 4109 1272 4176 adsit
1299 4133 1398 4198 appe
1492 4193 1493 4204 η

241 4216 331 4302 titio,
359 4215 424 4282 alia
447 4223 557 4282 autem
581 4240 681 4284 causa
708 4217 818 4304 aliqua
843 4218 1040 4302 impediatur
1063 4219 1133 4284 eius
1162 4219 1258 4286 actio.
1303 4218 1399 4286 Unde

242 4324 356 4406 otiam,
386 4345 458 4389 cum
487 4325 573 4392 idern
597 4326 691 4390 dicit:
724 4325 803 4391 ‘Ita
831 4327 931 4392 enim
960 4333 997 4390 et
1026 4327 1169 4392 flentes
1198 4325 1396 4394 desistunt
