2992 5034
682 253 956 370 4444.-

254 465 311 533 διίι
334 463 372 534 τὸ
395 461 477 552 μήτε
500 459 560 544 τάς
576 461 766 550 παθητικὰς
787 461 936 550 κινήσεις
958 459 1073 544 αὐτοῖς
1091 459 1232 550 ίσχυράς
1255 459 1400 548 ὑπάρχειν

231 571 334 661 ιμήτε
364 569 396 640 τί
430 568 624 658 λογιστικὸν
650 567 793 649 ἀσθενὲς
820 569 918 656 φάσει
948 570 1003 638 καί
1032 566 1217 647 ἀσύνετον,
1244 567 1327 638 ἀλλά
1352 567 1399 636 διὰ

253 676 406 768 ἀμαθίαν
428 680 483 748 καὶ
506 677 703 766 μοχθηροὺς
722 677 885 766 ἐθισμοὺς
903 681 1063 767 ἐμπαθῶς
1085 675 1330 764 ἀναγκάζεσθαι
1353 680 1401 762 ζήν

254 785 333 868 τοὺς
359 785 535 866 τοιούτους
557 783 778 872 ἀνθρώπους.
810 789 913 866 ε’νίοις
940 787 977 856 δὲ
1001 785 1125 874 χαλεπή
1154 787 1209 854 καὶ
1239 783 1402 864 δύσκολος.

226 893 339 964 ε’ὄταν
361 893 508 983 κινήσεις
530 895 569 960 αἱ
588 889 671 960 κατά
700 893 813 974 πάθος
835 900 873 964 αι’
894 892 951 963 διά
973 893 1036 981 τήν
1057 898 1120 964 τοῦ
1143 892 1298 980 σώματος
1318 919 1403 960 ταιο-

254 999 380 1090 σιιευήν
402 999 592 1088 ἀναγκαίως
615 1000 791 1088 γινόμεναι
818 1002 959 1090 μεγάλαι
988 1003 1030 1091 δή
1054 1028 1144 1082 τινες
1166 991 1265 1068 οὖσαι
1291 997 1400 1087 τάχιοσι

253 1110 307 1178 καὶ
331 1109 478 1196 σφοδραὶ
507 1108 544 1176 τό
573 1134 607 1176 τε
640 1107 833 1194 λογιστικὸν
856 1107 1000 1190 ἀσθενὲς
1022 1111 1076 1179 καὶ
1110 1105 1278 1177 ἀσύνετον
1304 1105 1403 1193 φάσει.

253 1213 315 1304 χρὴ
347 1213 411 1303 γάρ
438 1215 617 1285 καὶτοῦτο
645 1215 708 1304 μὲν
736 1217 921 1306 ἐπιστήμην
945 1223 1063 1304 λαβεῖν
1089 1219 1159 1285 τῶν
1190 1211 1331 1302 ἀληθῶν
1356 1215 1400 1280 καί

253 1320 311 1404 τὰς
333 1321 416 1394 κιιτά
439 1321 551 1404 πάθος
574 1323 610 1392 δὲ
635 1323 783 1412 κινήσεις
801 1321 1041 1412 άμρλννθήναι
1064 1338 1221 1412 χρηστοῖς
1244 1320 1401 1409 ε’πιτηδειῖ-

213 1461 239 1498 ιο
252 1452 356 1520 μασιν
380 1432 587 1518 ἐθισθείσας,
611 1440 645 1502 εί
664 1458 713 1512 τις
735 1433 849 1520 μέλλοι
874 1437 1030 1519 βελτίονα
1053 1437 1090 1500 τὸ
1115 1423 1202 1518 ήθος
1225 1427 1401 1512 άποδειξειν

252 1538 314 1608 τὸν
340 1536 537 1625 ἄνθρωπον.
582 1537 670 1608 οὕτω
700 1537 736 1608 δὲ
766 1540 821 1606 καὶ
849 1539 1006 1608 πλάττειν
1034 1541 1067 1622 ἐξ
1095 1536 1199 1628 ἀρχῆς
1227 1537 1399 1624 ἄνθρωπον

252 1646 315 1736 χρή
349 1645 434 1732 πρὸς
465 1643 502 1714 τὸ
535 1647 708 1731 βέλτιστον
741 1643 900 1716 ἀπάντων
931 1647 995 1736 μὲν
1030 1650 1165 1735 πρῶτον
1202 1644 1314 1715 αὐτῶν
1342 1649 1399 1712 τάν

185 1753 452 1842 ςςςσπερμάτοιν
483 1753 773 1840 προνοουμένους,
806 1747 857 1834 οἷς
886 1759 890 1846 l
920 1757 1038 1842 ε’φεξής
1061 1759 1118 1842 τής
1146 1759 1292 1841 διαίτης,
1320 1747 1397 1840 ήνή

252 1860 382 1929 κύουσα
406 1859 610 1948 διαιτήσεται
638 1861 721 1930 κατά
750 1888 784 1930 τε
812 1861 871 1943 τιίς
899 1859 1027 1949 τροφάς
1049 1863 1104 1930 καὶ
1132 1859 1172 1930 τά
1200 1861 1330 1950 πόματα
1354 1859 1398 1928 καί

213 1999 238 2037 ιε
252 1965 292 2036 τά
316 1966 485 2056 γυμνάσια
508 1969 564 2036 καί
586 1967 646 2049 τάς
666 1966 804 2057 ἡσυχίας
827 1971 880 2038 καὶ
906 1967 985 2049 τοὺς
1007 1968 1136 2050 ὕπνους
1158 1970 1211 2036 καὶ
1238 1967 1297 2050 τὰς
1318 1970 1400 2054 ἐγρη-

253 2074 386 2164 γόρσεις
400 2077 581 2164 ἐπιθυμίας
597 2078 706 2174 τεκαὶ
726 2076 860 2166 θυμοὺς
875 2075 937 2145 ὅσα
953 2104 986 2146 τε
1001 2075 1085 2146 ἀλλα
1104 2081 1256 2160 τοιαῦτα,
1275 2075 1345 2161 περί
1360 2067 1400 2142 ἀν

289 2301 306 2350 ³
325 2293 438 2362 ζητοῦσι
460 2287 608 2354 τοιούτους
634 2309 685 2363 pro
709 2294 760 2358 ζῆν
779 2287 846 2354 τους
865 2313 886 2348 τ.
907 2291 937 2346 L.
958 2323 991 2334 -
1017 2299 1033 2348 4
1052 2293 1181 2362 χαλεπῶς
1200 2291 1250 2347 καλ
1269 2287 1399 2350 euml-s

230 2367 283 2432 ιΙι.
302 2396 338 2407 -
362 2373 379 2420 θ
402 2359 449 2419 ὅτε
470 2361 503 2418 αἶ
520 2361 646 2432 κινήσεις
665 2362 737 2418 ιιοιτά
760 2365 789 2419 L.
812 2397 842 2405 -
870 2361 952 2430 πάθη
971 2364 1008 2420 M.
1030 2395 1060 2404 -
1091 2371 1108 2419 6
1132 2367 1163 2420 δι’
1190 2381 1240 2434 pro
1268 2361 1304 2432 δή
1326 2363 1354 2418 L.
1373 2391 1399 2402 ·-

254 2441 344 2500 τίναις
363 2437 400 2493 M.
421 2467 452 2476 -
475 2441 489 2490 ἰ’
510 2431 541 2489 τό
562 2455 590 2490 τε
611 2433 643 2490 τὸ
663 2440 720 2504 λον.
740 2437 770 2490 L.
792 2469 812 2476 -
844 2431 969 2498 ἀσθενὲς
987 2453 1041 2492 oni.
1062 2437 1091 2490 L.
1112 2467 1140 2476 ·-
1166 2442 1183 2490 8
1203 2431 1309 2490 τούτων
1327 2435 1354 2489 L.
1373 2463 1399 2474 ·-

253 2504 449 2578 θαάληθήναι
465 2525 516 2578 pro
530 2503 672 2576 άμβλυιθ.
688 2508 717 2562 L.
739 2540 771 2547 -
795 2517 827 2563 10
842 2504 1007 2562 ίθιοθείσαι
1022 2509 1044 2562 L
1060 2506 1234 2564 ἐθισθείοαν
1249 2503 1399 2563 ΜΑΒλῚεΚ

253 2579 422 2643 ε’θισθείσας
440 2597 503 2644 νοις
523 2579 557 2634 cl.
577 2579 663 2634 Proll.
682 2597 710 2650 p.
730 2587 773 2634 86.
793 2611 821 2620 -
848 2578 876 2634 εί
893 2579 1041 2648 μέλλοιμεν
1057 2579 1087 2634 L.
1108 2611 1141 2620 —-·
1161 2575 1312 2646 ἀποδείξαι
1330 2579 1359 2632 L.
1373 2607 1399 2616 -

255 2663 286 2708 1³
307 2647 356 2708 ίθ’
377 2647 441 2720 ε’ξής
460 2648 490 2706 L.
511 2681 544 2691 -
566 2645 600 2718 ἣν
619 2649 731 2713 οιίιείως
749 2645 788 2705 δν
808 2669 856 2722 pro
879 2645 913 2720 ἣν
935 2647 950 2720 'l
971 2647 1082 2706 κάοντα
1100 2651 1137 2721 L;
1162 2651 1198 2706 cf.
1218 2651 1303 2708 Proll.
1321 2669 1347 2722 p.
1364 2655 1400 2703 eu

254 2755 285 2766 -
308 2731 341 2780 14
360 2717 539 2792 diotericum
559 2723 590 2779 L.
609 2753 645 2764 -

254 2945 372 3012 citatas
409 2940 512 3010 animi
549 2940 710 3008 motiones
752 2942 927 3010 admodum
963 2941 1066 3008 fortes
1109 2963 1214 3026 neque
1255 2942 1402 3008 rationem

255 3051 454 3118 imbecillam
479 3049 693 3136 hebetemque
713 3059 829 3115 natum
855 3049 987 3134 habeut,
1010 3049 1065 3114 seu
1089 3065 1226 3134 propter
1251 3049 1401 3116 inscitiam

253 3181 454 3247 pravamque
478 3157 745 3224 cousuetudinem
770 3181 842 3224 cum
873 3163 963 3223 motu
992 3157 1129 3244 quodam
1154 3157 1257 3224 animi
1282 3157 1401 3223 turbato

254 3269 362 3334 visere
386 3265 610 3332 huiuscemodi
635 3265 783 3332 homines
804 3273 979 3352 cognatum
1004 3267 1037 3330 in
1062 3265 1136 3329 aliis
1161 3278 1274 3332 contra
1298 3263 1401 3332 diffici-

253 3377 318 3442 lem
347 3378 380 3439 et
408 3373 614 3458 impeditam,
647 3374 680 3439 iu
713 3375 832 3460 quibus
866 3381 974 3440 motus
999 3378 1173 3440 allectuuui
1202 3397 1241 3438 ex
1266 3371 1401 3458 corporis

254 3483 489 3550 constitutione
513 3505 587 3546 cum
610 3483 806 3546 necessitate
835 3482 975 3568 qiiudam
1004 3483 1221 3548 inolescentes
1245 3479 1353 3566 magui
1374 3484 1400 3540 et

253 3590 463 3658 vehementes
484 3589 688 3673 exstiterunt,
708 3590 794 3654 rutio
814 3612 890 3654 vcro
905 3589 1034 3656 infirma
1054 3597 1171 3654 nutura
1188 3598 1285 3676 utque
1304 3587 1403 3653 hebes.

253 3699 396 3766 Necesse
421 3697 507 3763 euim
532 3701 583 3760 cst
606 3701 639 3762 el
667 3696 751 3762 hauc
775 3697 913 3762 scientia
937 3697 1004 3761 ueri
1030 3697 1132 3762 imbui
1158 3701 1188 3761 el
1213 3697 1314 3762 animi
1337 3719 1402 3761 cou-

254 3807 428 3874 citationcs
452 3806 613 3870 bonorum
637 3805 820 3870 studiorum
846 3806 1079 3871 cousuetudine
1103 3805 1256 3875 obtuudi.
1283 3807 1312 3870 si
1338 3803 1403 3890 quis

254 3913 421 3980 hominem
454 3913 570 3978 melius
600 3919 764 3979 morotum
797 3913 982 3979 redditurus
1014 3917 1073 3978 est.
1124 3913 1178 3978 sic
1207 3935 1347 3998 quoque,
1373 3913 1402 3974 ut

222 4047 228 4054 ·
254 4021 421 4088 hominem
450 4043 469 4084 a
498 4021 604 4106 primo
634 4025 707 4086 ortu
737 4022 778 4087 ad
807 4023 967 4107 optimam
996 4021 1265 4088 constitutionem
1295 4021 1403 4086 forme·

254 4153 336 4214 mue,
355 4131 498 4216 primum
514 4129 659 4196 omnium
678 4131 813 4196 seminis
833 4131 937 4216 ipsius
952 4153 1030 4195 cura
1049 4127 1197 4194 liubenilu
1219 4135 1279 4212 est,
1296 4125 1402 4194 deinde

254 4237 371 4322 victus,
389 4259 453 4324 quo
473 4259 572 4302 usura
591 4261 774 4324 pnicguans
795 4239 911 4304 mulier
930 4239 974 4302 sit
993 4239 1026 4302 iu
1046 4237 1130 4315 cibo,
1149 4243 1239 4323 potu,
1257 4235 1402 4304 exercite·

255 4345 410 4432 tionibus,
434 4345 552 4432 quiete,
575 4368 700 4430 somno,
724 4347 859 4432 vigiliis,
882 4345 1128 4432 cupiditatibus,
1152 4345 1202 4412 ire
1219 4346 1353 4432 aliisque
1374 4339 1400 4405 id
