2976 5028
638 287 681 298 -
728 251 884 319 286-

175 425 247 491 τοῖς
264 407 408 498 ἀνδράσι
427 411 593 478 τοσούτου
612 404 697 494 ὑπὲρ
715 407 795 489 τοὺς
813 407 937 489 ἀλλους
956 408 1118 499 ἐπιστήμῃ
1142 407 1203 496 τήν
1231 408 1358 496 ψυχήν

174 517 435 606 κεκοσμημένοις
481 513 594 596 οὐδεὶς
640 521 724 584 νούυ
771 521 858 604 ἔχων
900 513 1013 596 ἁπλοῖς
1055 521 1210 586 εἰποῦσιν
1259 513 1361 598 ἄξιοι·

173 625 354 710 πιστεύειν,
378 621 461 692 ἀλλά
485 622 644 713 ἀναμένει
666 623 730 711 τήν
753 621 936 706 ἀπόδειξιν.
973 622 991 694 ὁ
1017 625 1058 692 δέ
1078 651 1115 711 γε
1141 623 1357 712 Χρύσιππος

173 724 224 801 ὧν
254 731 318 822 μὲν
351 722 446 800 οὗτοι
478 733 637 818 λέγουσιν
670 728 875 812 ἀποδείξεων
909 729 991 818 ὑπὲρ
1023 735 1085 800 τοῦ
1113 735 1358 821 προκειμένου

146 839 342 930 οδόγματος
373 837 451 908 οὔτε
479 838 730 928 ἐμνημόνευσεν
758 837 918 927 οὐδεμιᾶς
950 838 1028 909 οὔτε
1057 841 1244 928 ἐξελέγχειν
1277 843 1358 908 έπε-

173 954 344 1037 χείρησεν,
372 944 435 1018 οὐκ
462 952 604 1015 αἰδεῖται
633 947 670 1014 δὲ
698 947 865 1034 Τυρταῖόν
893 975 928 1016 τε
951 949 1007 1016 καὶ
1032 953 1254 1034 Στησίχορον
1282 949 1359 1014 ε’πι-

172 1055 381 1145 καλούμενος
402 1056 588 1143 μάρτυρας,
616 1051 677 1134 οὓς
699 1059 730 1124 εἰ
756 1057 811 1123 καὶ
837 1060 961 1138 ζῶντας
985 1054 1083 1143 ἤρετό
1105 1082 1171 1140 τις,
1201 1059 1233 1122 εἰ
1270 1055 1357 1138 περὶ

171 1168 231 1253 τῆς
258 1162 391 1234 τούτων
422 1166 492 1232 τῶν
519 1161 698 1251 δογμάτων
726 1161 907 1250 ἐπιστήμης
934 1159 1226 1250 ἀμφισβητοῦσιν,
1268 1165 1358 1244 ἐξω-

105 1272 407 1362 δὲδμολοφήσαντο
431 1267 475 1339 ἀν
499 1261 538 1338 εὖ
560 1266 628 1338 οἶδ’
654 1270 705 1339 δτι
729 1271 836 1359 μηδὲν
860 1273 989 1340 ἐπαΐειν
1007 1267 1132 1350 αύτῶν,
1152 1271 1158 1341 I
1179 1267 1285 1338 αὐτοὶ
1314 1269 1357 1336 δὲ

133 1404 159 1442 1¹»
172 1385 302 1470 μᾶλλον
325 1378 381 1464 ἀν,
404 1377 511 1466 οἶμαι,
533 1377 625 1464 παρὰ
645 1385 845 1467 Χρυσίππου
867 1405 898 1447 τι
917 1387 1044 1466 μαθεῖν
1069 1373 1087 1465 ἢ
1110 1377 1200 1464 παρὰ
1225 1374 1357 1446 αὐτῶν

173 1486 410 1558 ἀποδεικνύειν
433 1483 592 1574 ἠξίωσαν.
637 1483 708 1554 εἶτα
738 1485 868 1574 δηλαδή
895 1486 1091 1574 Χρύσιππος
1114 1481 1158 1552 ἀν
1182 1485 1236 1552 ἐπὶ
1263 1481 1356 1561 τούς

173 1595 310 1677 λδιιύτας
333 1586 416 1683 ήγεν
439 1591 579 1680 αύτούς,
603 1591 622 1664 δ
647 1593 754 1680 σοφὸς
778 1593 935 1675 έπλ,τοὺς
957 1589 1116 1680 ἀμαθεῖς,
1144 1589 1162 1660 ὁ
1188 1593 1355 1680 σοι’φρων

174 1703 226 1772 ἐπὶ
250 1701 330 1784 τοὺς
356 1703 599 1791 μαινομένους,
628 1699 646 1771 ὁ
671 1702 783 1789 λόγων
812 1699 1024 1771 ἀκολουθίαν
1053 1701 1151 1782 εέδώς
1177 1703 1232 1768 ἐπὶ
1261 1698 1354 1778 τοὺς

174 1812 443 1900 διαφερομένους
476 1808 561 1898 πρὸς
592 1806 759 1897 ἀλλήλους
787 1837 821 1879 τε
851 1811 907 1878 καὶ
940 1807 1081 1890 εἀιποὺς
1113 1807 1196 1877 κατὰ
1229 1807 1353 1876 πάντα

134 1941 160 1980 1⁵
174 1916 294 2006 καιρὸν
317 1919 355 1986 έν
377 1918 492 2006 λόγοις
513 1943 549 1986 τε
572 1917 641 2006 ἅμα
663 1919 719 1986 καὶ
742 1917 912 2004 πράξεσιν.
957 1915 1042 1986 ἀλλά
1065 1922 1097 1986 ελ
1117 1918 1173 1984 καλ
1196 1924 1351 2004 μαίνον-

173 2051 228 2093 ται
251 2023 292 2092 τδι
314 2024 424 2094 πάντα
447 2028 502 2096 καὶ
523 2027 742 2114 διαφέρονται
767 2023 851 2108 πρὸς
874 2023 1040 2113 ἀλλήλους
1062 2051 1096 2094 τε
1120 2027 1175 2092 καὶ
1196 2023 1352 2102 ἑαυτοὺς

210 2207 458 2278 Ξκεκοομημένος
479 2208 511 2266 Ρ.
535 2239 569 2250 -
594 2217 610 2264 6
634 2201 669 2263 ού
695 2207 744 2262 καὶ
767 2172 859 2262 δεῖται
883 2207 914 2260 Ρ.
938 2237 971 2246 -
1003 2209 1147 2272 Τυρταῖον
1169 2205 1220 2258 καλ
1244 2207 1277 2262 P.
1312 2235 1348 2245 -·

175 2284 191 2334 I
210 2273 249 2342 ὥς
268 2276 296 2334 εἰ
312 2279 343 2336 Ρ,
363 2311 396 2320 -
422 2275 505 2347 ἤρετό
525 2300 567 2342 τις
586 2278 614 2334 εἰ
631 2281 681 2362 τής
700 2279 766 2346 περὶ
785 2273 892 2334 τούτων
912 2277 1029 2333 FPMA
1048 2274 1075 2346 ή.
1095 2297 1119 2332 τ.
1143 2277 1208 2342 περὶ
1229 2275 1347 2334 τούτων

173 2351 280 2406 BchK
298 2345 326 2420 η’.
345 2371 394 2419 τις,
414 2351 443 2405 εἰ
459 2352 524 2420 περὶ
543 2353 592 2420 τῆς
611 2371 720 2406 τουτων
740 2369 803 2416 nos;
823 2351 858 2406 cI.
874 2351 971 2421 Progr.
988 2351 1020 2416 lI,
1038 2359 1079 2406 19.
1099 2379 1133 2390 -
1157 2355 1173 2403 ⁹
1193 2349 1223 2404 in
1244 2349 1348 2406 verbis

174 2417 290 2479 Inuisus
308 2417 405 2478 αύτύτ
423 2422 512 2478 desin.
528 2427 652 2494 excerpt.
671 2424 738 2479 VIII
758 2423 837 2478 codd.
858 2423 915 2478 FP.
936 2453 969 2463 -
996 2429 1029 2478 10
1047 2415 1119 2491 παρ’
1138 2415 1237 2476 αύτύτ
1257 2421 1347 2478 σοδδ.

103 2541 112 2554 .
173 2494 237 2552 edd
257 2491 335 2564 παρὰ
355 2489 453 2550 aderis
471 2511 530 2552 nos.
551 2526 585 2536 -

174 2700 329 2765 superare
364 2677 416 2744 reI
453 2676 771 2746 demonstrationum
811 2681 964 2744 ornatum
1001 2677 1133 2762 assequi
1166 2681 1345 2762 poterunt3

173 2790 376 2852 nontamen
404 2787 455 2852 vel
482 2787 535 2853 his
566 2787 660 2869 viris,
691 2787 747 2872 qui
770 2785 868 2872 longe
892 2786 967 2850 aliis
997 2785 1134 2851 seientia
1163 2789 1346 2871 praestite-
1402 2835 1407 2845 .

174 2895 257 2978 riui,
287 2894 315 2960 si
344 2893 423 2979 quid
450 2893 602 2958 absolute
631 2893 786 2978 dixerint,
814 2894 1002 2979 quisquam,
1029 2893 1085 2978 qui
1116 2899 1203 2960 recte
1226 2897 1344 2978 sentit,

174 3002 271 3068 fidem
304 2999 425 3068 habere
456 3001 539 3084 vult,
572 3001 628 3066 sed
660 3003 891 3086 probationem
927 3007 1104 3087 exspectat.
1155 3005 1201 3068 At
1229 2999 1343 3090 Chry·

175 3111 290 3194 sippus
317 3133 359 3176 ne
388 3131 487 3174 uuam
515 3108 646 3194 quidem
670 3109 984 3175 demonstrationem
1009 3131 1047 3174 ex
1072 3109 1153 3192 illis,
1181 3131 1262 3196 quus
1286 3111 1343 3177 illi

175 3215 214 3280 de.
243 3217 414 3302 proposito
443 3216 573 3283 decreto
602 3217 797 3300 attulerunt,
825 3241 884 3283 neo
908 3217 1009 3282 refert
1032 3239 1091 3283 nec
1114 3217 1252 3302 reIeIIiI,
1279 3219 1342 3284 sed

175 3323 354 3408 Tyrtaeum
383 3331 415 3388 et
439 3323 664 3414 Stesichorum
694 3323 735 3390 ad
764 3325 991 3392 testimonium
1015 3346 1132 3392 vocare
1156 3347 1222 3391 non
1245 3347 1342 3394 rere-

174 3437 238 3517 tur,
261 3431 317 3518 qui
341 3432 369 3496 si
393 3433 541 3497 virerent
564 3433 923 3520 interrogarenturrque,
945 3431 1106 3499 horumne
1130 3433 1342 3502 decretorum

174 3539 213 3605 de
247 3539 396 3604 doctrina
434 3540 685 3624 alteru-urentur,
722 3545 904 3606 faterentur
941 3542 1011 3606 siue
1049 3541 1150 3606 dubio
1183 3563 1218 3606 se
1251 3541 1342 3610 nihil

175 3647 292 3714 harum
320 3669 428 3713 rerum
456 3648 663 3734 intellegere,
691 3647 756 3733 ipsi
785 3651 907 3732 autem,
936 3649 1066 3733 opinor,
1097 3671 1114 3714 ε
1145 3649 1341 3737 Chrysippo

174 3755 298 3842 aliquid
331 3754 455 3820 discere
487 3777 587 3842 quam
620 3778 659 3822 ex
692 3779 763 3820 sese
796 3757 1022 3821 demonstrare
1054 3757 1201 3824 mallent
1253 3757 1341 3828 Itum

174 3861 381 3948 Chrysippus
419 3862 478 3928 hos
517 3863 557 3928 sd
593 3865 765 3950 imperitos
804 3864 953 3930 homiues
991 3865 1118 3930 scilieet
1153 3865 1342 3954 deduceret,

174 3969 289 4038 doctus
312 3969 353 4034 ad
377 3971 542 4054 indoctos,
570 3973 712 4058 prudens
736 3972 777 4038 ad
800 3971 1012 4054 insanientes,
1035 3973 1198 4038 rationum
1226 3995 1342 4044 conse-

174 4079 316 4145 cutionis
341 4079 466 4164 peritus
490 4080 531 4145 ad
555 4103 626 4163 eos,
649 4080 704 4165 qui
728 4103 793 4146 non
818 4080 914 4145 modo
940 4101 1014 4144 curn
1038 4079 1127 4162 aliis,
1154 4081 1211 4146 sed
1236 4083 1341 4152 etism

175 4207 284 4254 seeum
305 4186 562 4272 omnitempore
582 4195 615 4252 et
634 4189 668 4253 in
689 4189 796 4253 verbis
816 4199 848 4252 et.
868 4189 901 4253 iu
921 4187 1105 4253 nettouibus
1125 4187 1342 4260 dissentiunt

176 4291 299 4372 Quodsi
341 4296 442 4360 etiarn
479 4319 614 4382 prorsus
653 4296 818 4361 insaniunt
855 4301 888 4360 et
925 4317 1034 4360 seeum
1077 4301 1111 4360 et
1147 4317 1222 4362 curn
1261 4300 1343 4367 aliis
