2976 5028
692 253 939 319 ...338-

216 439 291 512 ’μοι
328 409 475 500 τάνδρὸς
511 411 549 481 ἐν
588 411 766 502 ἐπαγγελίᾳ
803 415 939 500 λογικῆς
974 434 1011 481 τε
1042 408 1110 502 άμα
1147 416 1204 484 καλ
1237 412 1389 503 ἀκριβοῦς

234 525 453 600 διδασκαλίας
475 515 538 590 οὐκ
561 513 791 606 ἀκριβοῦντος.
836 517 980 608 καὶγὰρ
1005 518 1047 590 οὐ
1075 522 1158 590 κατὰ
1183 521 1269 593 αὐτὰ
1292 528 1388 593 ταῦτα

166 629 343 720 σσθμόνον
375 625 477 710 αὐτὸς
509 627 615 719 ἑαυτῷ
649 629 842 716 ὁιιιφέρεται
876 632 1044 718 φανερῶς,
1073 637 1077 713 Ι
1111 627 1201 700 άλλίι
1234 629 1390 702 κάκειὸὰν

233 734 318 824 ὑπὲρ
350 739 419 804 τῶν
450 733 534 805 κατά
566 733 604 804 τὸ
638 735 749 816 πάθος
779 733 932 824 ὁρισμῶν
962 737 1105 824 γράφων
1133 737 1262 826 ἄλογόν
1283 740 1389 810 τεκαὶ

206 842 323 933 ιπαρά
351 843 459 932 φύσιν
487 851 624 930 κίνησιν
655 841 761 930 ψυχῆς
794 840 876 912 αὐτὸ
910 844 1022 936 φάσκῃ
1056 847 1111 914 καί
1144 847 1392 932 πλεονάζουσαν

233 949 353 1040 ὁρμήν,
380 949 450 1020 εἶτα
477 948 515 1020 τὸ
543 949 606 1038 μὲν
635 948 761 1038 ἄλογον
789 951 1013 1040 ἐξηγούμενος
1040 953 1077 1036 τὸ
1107 956 1211 1042 χωρὶς
1234 955 1335 1042 λόγου
1355 981 1391 1024 τε

232 1059 287 1128 καλ
315 1064 456 1145 κρίσεως
488 1062 646 1146 εἰρῆσθαι
682 1059 811 1148 φάσκῃ,
843 1063 901 1146 τῆς
935 1059 971 1126 dl
1007 1060 1258 1150 πλεοναζούσης
1290 1059 1394 1150 ὁρμῆς

231 1165 442 1254 παράδειγμα
481 1165 561 1246 τοὺς
597 1167 775 1253 τρέχοντας
812 1169 971 1254 σφοὸρῶς
1003 1168 1265 1258 παραλαμβάνῃ·
1299 1171 1392 1238 ταυτὶ

231 1271 297 1363 γάρ
320 1269 494 1362 άμφότερα
517 1273 655 1362 μάχεται
679 1277 724 1366 τῷ
748 1281 874 1362 κρίσεις
896 1271 983 1343 εἶναι
1013 1275 1053 1344 τά
1083 1275 1189 1363 πάθη.
1234 1276 1394 1366 εἰσόμεθα

192 1405 218 1445 ro
233 1381 270 1450 dl
304 1382 545 1470 ἐναργέστερον
577 1379 681 1475 αὐτάς
710 1381 769 1460 τὰς
808 1381 922 1470 ῥήσεις
958 1379 1064 1452 αὐτοῦ
1100 1383 1394 1472 παραγράψαντες·

232 1495 298 1578 ἔχει
323 1487 360 1558 δὲ
385 1485 404 1577 ἡ
433 1488 496 1578 μὲν
520 1489 614 1576 ἑτέρα
638 1488 736 1558 τόνὸε
766 1487 828 1558 τὸν
850 1488 990 1578 τρόπον·
1016 1493 1088 1560 ‘det
1115 1490 1152 1560 ὁὲ
1181 1495 1314 1578 πρῶτον
1341 1495 1396 1560 ε’ν-

203 1638 207 1644 -
232 1599 470 1686 ’τεθυμῆσθαα
493 1595 543 1666 ὅτι
568 1594 604 1666 τὸ
630 1595 769 1683 λογικόν
793 1602 879 1690 ζῷον
907 1595 1178 1686 άκολονθιγτικὸν
1202 1599 1302 1688 φύσει
1325 1598 1395 1668 ἐστὶ

232 1708 289 1798 ’τῷ
318 1703 408 1796 λόγῳ
441 1703 496 1773 καὶ
529 1703 612 1773 κατὰ
646 1702 707 1772 τὸν
736 1705 842 1794 λόγον
873 1702 919 1786 ὠς
951 1701 996 1776 civ
1026 1703 1174 1796 ἡγεμόνα
1203 1707 1395 1794 πρακτικόν.

176 1869 178 1874 .
232 1811 404 1893 ’πολλάκις
419 1813 541 1910 μέντοι
565 1812 620 1880 καὶ
645 1810 754 1893 άλλως
781 1815 916 1900 φέρεται
941 1815 998 1884 ἐπί
1017 1829 1095 1882 τιναΙ
1116 1814 1172 1883 καὶ
1196 1812 1263 1886 άπό
1291 1843 1396 1886 τινων
1478 1811 1479 1816 ¹

192 1942 218 1984 ιε
232 1917 394 2000 ’ἀπειθῶς
422 1923 468 2012 τῷ
497 1918 586 2012 λόγῳ
619 1915 822 2024 μόθοόμενον
856 1921 908 1990 ἐπὶ
936 1928 1070 2008 πλεῖον,
1097 1919 1178 1992 καθ’
1210 1919 1254 2012 ἣν
1282 1923 1394 2013 φοράν

99 2087 105 2094 .
133 2061 136 2066 ·
232 2024 429 2118 ’ἀμφότεροι
453 2034 590 2116 ἔχουσιν
614 2031 650 2096 ol
670 2025 744 2116 όροι
767 2031 826 2115 τῆς
844 2028 934 2116 παρὰ
953 2029 1060 2117 φύσιν
1078 2029 1243 2118 κινήσεως
1265 2027 1396 2118 άλόγως

269 2251 283 2299 1
310 2239 480 2315 λιταγγελιάς
502 2243 540 2301 M.
567 2275 596 2284 -
627 2251 642 2298 2
668 2239 720 2299 οόκ
744 2238 819 2299 αότά
843 2243 934 2300 ταῦτα
958 2245 1038 2300 codd.
1059 2245 1122 2302 edd.
1146 2241 1181 2302 ori
1206 2243 1280 2304 κατά
1304 2249 1395 2303 ταῦτα

232 2315 313 2374 Corn.
333 2312 368 2372 od
387 2313 465 2371 κατά·
482 2313 556 2372 αὐτὰ
577 2336 599 2370 τ.
619 2333 682 2380 nos;
706 2315 741 2371 cl.
762 2316 846 2371 Proll.
873 2335 899 2388 p.
921 2323 979 2371 lot.
1001 2347 1035 2359 -
1066 2325 1079 2374 7
1101 2314 1206 2386 φάσκει
1230 2320 1312 2376 codd.
1332 2321 1394 2376 edd.

232 2384 331 2460 φάσκῃ
356 2405 420 2454 σοις
444 2387 479 2444 cf.
499 2388 585 2444 Proll.
604 2407 632 2459 p.
651 2394 694 2444 85.
716 2419 747 2428 -
777 2382 1032 2464 8παραλαμβάνει
1056 2390 1137 2447 codd.
1157 2391 1220 2446 edd.
1245 2397 1395 2463 παραλαμ-

194 2519 201 2528 ,
231 2455 306 2534 ῥάνῃ
329 2475 387 2516 nos.
411 2487 446 2502 -
472 2467 502 2516 11
524 2453 750 2530 λντεθνμεῑεθαι
770 2459 864 2516 ΜΑΒ.
885 2491 918 2502 -

232 2685 283 2748 ter
301 2679 455 2746 demirari
475 2679 622 2745 animum
642 2679 732 2745 subit
751 2677 927 2764 hominem,
950 2679 1007 2766 qni
1026 2680 1061 2746 in
1080 2679 1248 2748 doctrinae
1273 2683 1395 2750 rationi

232 2793 470 2858 consentaneae
498 2791 694 2872 exactaeque
723 2786 928 2872 professione
955 2809 1020 2854 non
1045 2793 1157 2855 exacte
1185 2799 1273 2878 agat
1319 2791 1395 2858 Non

152 2967 158 2974 ,
233 2897 321 2964 enim
344 2897 379 2962 in
398 2895 450 2962 his
473 2895 556 2982 ipsis
576 2899 704 2961 tantum
724 2894 901 2962 manifesto
921 2919 941 2962 a
963 2917 997 2962 se
1021 2896 1092 2982 ipse
1112 2895 1258 2982 dissidet,
1283 2921 1394 2964 verum

233 3005 344 3090 etiam,
367 3005 423 3072 nbi
447 3005 486 3069 de
511 3005 645 3068 all‘ectus
670 3003 918 3068 definitionibus
942 3005 1088 3070 scribens
1113 3028 1187 3072 eum
1211 3005 1292 3072 dicit
1315 3007 1394 3074 irra-

233 3112 390 3180 tionalem
415 3117 449 3178 et
477 3117 593 3178 contra
621 3115 774 3178 naturam
804 3112 905 3178 animi
930 3113 1185 3180 commotionem
1209 3123 1242 3179 et
1269 3115 1395 3202 appeti-

190 3271 194 3276 -
231 3225 304 3289 tum
327 3220 606 3288 vehementiorem
630 3241 715 3304 esse,
743 3219 858 3284 deinde
886 3219 968 3285 illud
997 3219 1189 3287 irrationale
1214 3221 1394 3308 explanans

231 3329 281 3399 ita
303 3327 379 3415 dici,
401 3327 487 3416 quod
511 3329 581 3394 sine
605 3329 732 3394 ratione
757 3331 790 3392 et
812 3327 934 3394 iudicio
958 3327 1011 3410 sit,
1035 3326 1091 3412 ait,
1115 3331 1185 3394 tum
1209 3331 1393 3418 exemplum

174 3440 178 3446 ’
232 3435 487 3506 vehementioris
516 3437 683 3522 appetitus
713 3435 814 3502 sumit
842 3435 884 3500 ab
911 3436 970 3518 iis,
1003 3436 1059 3522 qui
1086 3435 1273 3504 vehementi
1299 3458 1393 3506 cursu

232 3545 396 3634 seruatum
425 3544 488 3612 hoa
516 3545 602 3610 enim
631 3547 804 3628 utrumque
833 3547 960 3630 pugnat
987 3566 1062 3611 oum
1089 3567 1128 3612 ea
1155 3545 1300 3632 ratione,
1331 3565 1395 3633 qua

233 3653 356 3722 iudicia
384 3675 455 3720 esse
479 3653 614 3719 affectus
643 3652 769 3717 statuit.
822 3650 915 3728 Quod
943 3651 1126 3720 evidentius
1153 3653 1335 3740 constabit,
1367 3651 1393 3716 si

232 3764 308 3850 ipss
330 3763 431 3828 verba
450 3761 520 3826 eius
543 3759 823 3845 adscripserimus.
863 3757 960 3826 Prior
982 3760 1073 3827 locus
1097 3763 1130 3828 in
1155 3760 1242 3829 hunc
1261 3761 1393 3830 modum

234 3893 268 3940 sa
298 3869 414 3938 habet:
474 3865 660 3940 ‘Primum
697 3873 828 3934 autem
861 3867 1121 3953 reputandum
1153 3875 1216 3936 est
1247 3867 1392 3940 animal

234 3979 431 4048 rationale
454 3983 598 4044 natura
622 3977 814 4044 rationem
839 3977 952 4062 sequi
977 3999 1019 4043 aa
1043 3977 1253 4044 secundum
1271 3979 1392 4048 ratio·

233 4107 318 4156 nem
353 4091 551 4174 tamquam
585 4083 719 4151 ducem
754 4106 882 4173 agore.
939 4083 1227 4172 Saepenumero
1264 4095 1392 4155 tamen

216 4195 353 4262 etiam
376 4198 519 4260 temere
546 4191 675 4258 fertur
703 4193 748 4260 sd
776 4193 963 4280 quaedam
991 4199 1030 4260 et
1057 4195 1206 4262 rationi
1228 4219 1307 4266 non
1330 4193 1391 4262 ob·

234 4309 456 4394 temperans
486 4324 506 4369 a
533 4300 764 4388 quibusdam
792 4301 953 4390 longius
981 4325 1095 4390 quam
1128 4325 1198 4391 par
1220 4309 1282 4372 est
1302 4323 1390 4394 pro·
