3024 5022
654 291 900 360 -382-

196 450 308 536 κάθος
332 449 476 538 οὐὸίπω,
500 452 652 540 καθάπερ
672 450 752 522 οὐδὲ
776 451 813 521 τὸ
838 453 923 541 μηδὲ
947 451 1033 535 ὅλως
1051 460 1140 542 ἔχειν
1160 453 1374 542 ἐπιστήμην·

128 559 327 650 suscipatis
350 559 415 649 γὰρ
445 562 623 628 τοῦτοκαὶ
651 563 655 648 Ι
683 560 805 647 άγνοιά
829 563 932 644 ἐστιν,
956 559 998 630 οὐ
1020 563 1141 642 πάθος.
1187 569 1218 632 εί
1249 565 1297 632 σε’
1324 588 1377 640 τις

196 667 261 755 dard
286 673 403 757 θυμοῦ
432 669 585 754 βιασθείς
617 665 635 756 ἢ
666 669 862 748 (δελεασθεὶς
889 667 949 756 ὑφ’
982 667 1109 756 ἡδονῆς
1136 668 1267 758 ἀπέστη
1301 673 1375 738 τῶν

197 779 230 860 ἐξ
249 773 352 865 ἀρχῆς
374 778 592 864 κεκριμένων,
616 773 766 863 ἀσθενὴς
787 777 849 864 μὲν
871 773 887 844 i
910 777 997 864 ψυχὴ
1022 776 1204 868 τούτῳκαὶ
1224 776 1377 856 ἄτονος,

168 882 216 974 εὴ
240 891 372 972 κίνησις
399 884 436 952 dt
464 881 567 970 αὐτῆς
594 883 630 954 τὸ
659 885 772 964 πάθος
795 887 901 969 ἐστίν,
930 883 1041 972 ὥσπερ
1069 909 1136 954 που
1163 887 1219 954 καί
1250 883 1274 972 ἡ
1309 887 1377 950 τοῦ

195 991 278 1060 κατὰ
315 995 507 1082 τραγῳδίαν
541 988 765 1080 ὑποκειμένου
802 994 961 1061 Μενέλεω
1005 991 1094 1080 ψυχὴ
1136 997 1376 1060 (δελεασθεῖσα

195 1099 280 1188 πρὸς
301 1103 360 1186 τῆς
383 1101 564 1186 ἐπιθυμίας
587 1101 699 1187 ἐξέστη
723 1104 792 1169 τῶν
815 1103 1032 1188 κεκριμένων,
1056 1099 1076 1186 ἡ
1102 1101 1143 1167 de'
1162 1127 1199 1186 γε
1220 1100 1374 1186 Μήδεια

195 1213 376 1296 βιασθεῖσα
407 1205 492 1294 πρὸς
524 1210 585 1274 τοῦ
617 1213 748 1296 θυμοῦ,
781 1209 854 1296 περὶ
889 1199 928 1294 ἧς
958 1209 1014 1276 καὶ
1048 1204 1152 1292 αὐτῆς
1184 1203 1245 1275 οὐκ
1285 1203 1373 1274 οἶδα

196 1313 287 1396 ὅπως
314 1313 332 1382 ὁ
356 1314 552 1402 Χρύσιππος
580 1312 641 1384 οὐκ
667 1315 865 1385 αἰσθάνεται
894 1313 974 1383 καθ’
1006 1315 1129 1384 ἑαυτοῦ
1155 1318 1225 1382 τοῖν
1253 1309 1369 1400 Εὐρι-

157 1455 182 1494 ιο
196 1429 299 1492 πίθου
321 1423 532 1512 μεμνημένος
555 1423 645 1491 ἐπῶν

242 1530 314 1598 ’καί
337 1528 505 1618 μανθάνω
529 1531 607 1618 με’ν,
632 1525 686 1600 οἷα
711 1535 798 1618 ὁρᾶν
822 1533 931 1619 μέλλω
955 1531 1051 1615 κακά,

242 1635 370 1726 ’θυμὸς
394 1636 430 1704 δὲ
454 1643 620 1724 κρείσσων
642 1643 711 1707 τῶν
736 1641 825 1728 ἐμῶν
848 1637 1109 1726 βοολευμάτων.’

197 1740 240 1814 οὐ
266 1743 331 1832 γάρ
358 1744 550 1832 μανθάνειν
583 1748 683 1834 ἐχρῆν
712 1749 878 1834 είρηκέναι
906 1745 967 1815 τὸν
995 1745 1203 1832 Εὐριπίὸην,
1231 1749 1262 1812 εί
1289 1757 1365 1821 τοῖς

195 1857 258 1921 τοῦ
280 1858 481 1938 Χρυσίππου
505 1852 671 1940 δόγμασιν
695 1859 809 1941 ἔμελλε
832 1853 1075 1942 μαρτυρήσειν,
1103 1851 1188 1921 ἀλλὰ
1211 1851 1295 1921 αὐτὸ
1322 1851 1361 1920 τὸ

156 1993 183 2034 rs
197 1959 454 2046 ἐναντιώτατον,
477 1957 615 2047 ἀγνοεῖν
633 1987 668 2030 τε
687 1963 741 2030 καὶ
761 1960 806 2049 μὴ
831 1962 1032 2048 μανθάνειν,
1057 1955 1112 2030 οἶα
1136 1965 1223 2048 ὁρᾶν
1245 1962 1358 2048 με’λλει

196 2066 290 2136 κακά.
345 2065 382 2134 τὸ
418 2067 454 2135 di
488 2068 668 2155 γινώσκειν
699 2069 761 2156 μὲν
795 2066 894 2150 αι’·τό,
934 2073 1092 2137 νικᾶσθαι
1127 2067 1162 2136 di
1197 2067 1262 2136 iuri)
1297 2068 1361 2134 τοῦ

196 2180 315 2264 θυμοῦ
336 2181 372 2243 τί
392 2173 473 2242 άλλο
493 2177 584 2243 ἐστίν
609 2171 627 2263 ἢ
652 2177 715 2246 (trio
740 2174 843 2264 άρχίις
861 2176 1056 2263 εἰσάγοντος
1079 2174 1267 2262 ἀνθρώπου
1289 2177 1360 2242 τῶν

234 2408 466 2483 λκειιριμμίνων
485 2409 588 2482 MR,
612 2412 680 2468 item
704 2432 731 2470 v.
751 2419 775 2469 λ.
798 2445 828 2452 -
856 2410 988 2482 9Εοτίρ.
1008 2410 1082 2466 ntea.
1109 2427 1153 2466 vr.
1176 2417 1252 2466 1058.
1273 2415 1359 2477 ιυλκς

197 2483 233 2540 ci.
252 2499 339 2556 supra
356 2501 384 2555 p.
404 2489 464 2537 253.
485 2514 518 2524 —
539 2490 573 2538 13
592 2480 725 2556 εὕριιιίδη
744 2485 782 2540 M.
802 2516 836 2525 —

197 2722 226 2787 si
263 2719 394 2807 qrridcm
431 2718 599 2804 imperitia
635 2723 831 2808 inscitiaque
864 2743 903 2788 ea
940 2726 1005 2804 est,
1040 2743 1106 2789 non
1143 2721 1362 2807 perturbatio.

171 2827 322 2908 .Quodsi
353 2829 424 2913 quis
458 2828 509 2892 rel
543 2829 593 2894 ira
625 2839 757 2898 coactus
792 2832 840 2896 rel
871 2831 1041 2916 voluptate
1075 2830 1205 2896 illectus
1234 2829 1275 2895 ab
1306 2829 1361 2907 iis,

197 2959 280 3023 (puae
298 2935 389 3022 prius
410 2937 537 3020 statuit,
560 2936 724 3006 defecerit.
747 2938 934 3004 imbecillus
954 2939 1023 3030 eius
1044 2939 1172 3004 animus
1192 2943 1224 3002 et
1244 2937 1361 3002 remis·

142 3125 144 3128 Ι
198 3069 253 3112 sus
278 3048 337 3128 est,
361 3043 465 3110 motio
485 3051 595 3110 auteur
615 3048 717 3112 aniani
737 3049 811 3132 ipsa
830 3048 1036 3132 perturbatio
1056 3051 1115 3132 est,
1139 3045 1229 3112 velut
1247 3045 1381 3132 Mene·

198 3153 258 3238 lai,
289 3152 345 3237 qui
372 3151 408 3216 in
437 3173 567 3218 scenam
596 3155 774 3238 inducitur,
807 3156 935 3220 animus
964 3154 1143 3238 cupiditate
1173 3154 1308 3218 allectus
1337 3174 1360 3216 a

197 3261 368 3346 proposito
397 3259 540 3342 destitit,
568 3259 684 3326 Medea
715 3269 825 3327 autem
854 3263 903 3328 ira
935 3267 1064 3348 coacta,
1096 3261 1136 3326 de
1163 3283 1229 3346 qua
1257 3262 1360 3326 etiam

197 3369 272 3454 ipsa
301 3367 412 3434 nescio
441 3390 505 3453 quo
534 3369 630 3434 ruodo
661 3368 867 3454 Chrysippus
892 3377 1007 3436 contra
1038 3392 1072 3434 se
1099 3391 1166 3436 non
1195 3372 1295 3435 sentit
1322 3389 1358 3432 sc

198 3498 313 3542 versus
331 3475 409 3542 illos
432 3475 601 3562 Euripidis
626 3478 789 3543 laudasse:

334 3581 535 3671 ‘Cognosco‚
559 3607 656 3670 quarn
681 3587 823 3650 uetando
844 3609 930 3652 nunc
954 3591 1083 3672 patrem
1107 3585 1208 3666 malso

334 3692 390 3758 red
412 3693 463 3758 ira
486 3694 624 3760 consilio
649 3699 699 3758 est
722 3695 889 3778 potentior
913 3693 1007 3760 mc0.'

197 3800 285 3868 Nnrn
317 3800 456 3866 decretis
486 3799 663 3886 Chrysippi
697 3802 724 3865 si
759 3807 937 3868 testaturus
971 3815 1042 3868 erat
1070 3801 1262 3888 Euripides,
1294 3825 1357 3869 nou

163 3915 168 3924 '
199 3909 313 3974 debuit
335 3909 441 3973 dicere
465 3931 537 3974 earn
562 3931 771 3994 cognoscere,
800 3910 856 3974 sed
880 3910 927 3994 id,
955 3909 1040 3994 quod
1065 3910 1206 3974 rnuxinre
1230 3917 1356 3977 coutra-

198 4019 284 4082 rium
308 4022 366 4100 cst,
389 4018 514 4082 rrcseirc
535 4041 572 4082 uc
595 4039 660 4082 uon
681 4037 887 4102 cognoscere,
910 4039 1007 4104 quarn
1027 4017 1166 4083 nefando
1187 4023 1357 4104 patratur-r

200 4131 295 4192 esset
332 4124 426 4202 Quod
445 4131 555 4190 arrtcru
574 4125 690 4189 Mede-u
709 4125 741 4188 id
762 4127 919 4210 coguovit
938 4126 1114 4210 cademque
1134 4127 1185 4192 ira
1204 4135 1357 4214 superato

200 4238 263 4318 cst,
295 4233 372 4319 quid
407 4232 494 4298 aliud
530 4235 580 4296 est
610 4255 710 4317 quum
744 4232 887 4298 horuiuis
920 4235 984 4300 duo
1018 4233 1262 4319 appetitionum
1290 4237 1356 4302 cius

199 4341 362 4428 principia
381 4342 578 4407 statuentis?
600 4362 708 4424 unuin,
732 4365 796 4425 quo
816 4365 867 4408 res
887 4344 1116 4427 cognoscimus
1135 4347 1169 4406 et
1187 4345 1357 4410 seientiam
