2992 5034
593 379 841 468 -4οι-,-

128 547 184 616 καὶ
224 549 317 614 σιτία
348 541 412 613 τὸν
441 547 609 613 πεινῶντα
640 541 696 612 καλ
729 541 922 612 θάλπεσθαι
953 539 1016 610 τὸν
1047 539 1209 630 ῥιγοῦντα
1240 537 1295 610 καλ

128 654 306 740 ψύχεσθαι
334 653 397 722 τὸν
427 650 646 741 θαλπόμενον
674 647 889 738 ἆρροὸισιῖοις
915 675 950 719 τε
981 651 1128 738 χρῆσθαι
1156 647 1218 718 τὸν
1244 647 1296 718 tut

125 765 240 831 ταῦτα
269 757 432 849 ὀργῶντα.
482 757 503 848 ἡ
536 759 600 850 μὲν
628 757 692 848 γὰρ
725 757 848 846 leopos
880 761 918 827 ἐν
949 754 1032 846 ἡμῖν
1064 755 1209 846 ὁόνιιμις
1241 752 1295 844 ἐφ’

126 870 279 938 ἕκαστον
306 871 376 938 τῶν
404 869 689 957 ἐπιθυμουμένων
716 868 802 936 flaici
830 866 892 936 τὸν
919 865 1098 955 δεόμενον,
1126 861 1144 935 ό
1179 865 1216 934 dl
1243 871 1299 934 λο-
1340 941 1346 948 ,

127 973 257 1064 γισμὸς
284 971 429 1068 ἀντισπᾷ
458 977 514 1046 καὶ
544 977 671 1064 κατέχει
699 973 762 1064 τὴν
790 973 852 1045 οὐκ
881 975 919 1044 ἐν
945 976 1050 1066 καιρῷ
1074 971 1196 1062 φορόν.
1240 973 1325 1042 καλε

127 1083 224 1174 μάχει
260 1109 297 1170 γε
330 1083 491 1166 πολλάκις
528 1085 695 1170 ἑκατέρων
731 1082 852 1172 ἰσχυρὰ
892 1089 1020 1170 γίνεται
1052 1079 1138 1169 πρὸς
1173 1079 1300 1170 ἄλληλα

129 1195 294 1280 φανερῶς
317 1193 556 1282 ἐνὸειιινομένη
581 1190 699 1280 διττὴν
722 1189 808 1260 εἶναι
832 1189 940 1279 φύσιν
967 1190 1005 1258 ἐν
1028 1185 1110 1278 ἡμῖν
1132 1193 1201 1259 τῶν
1223 1210 1300 1259 στα-

131 1303 329 1382 σιαζονσῶν
365 1287 525 1389 ἀλλήλαις
555 1299 744 1388 ὁννόμειον.
803 1309 894 1388 εἴπερ
930 1297 997 1387 γὰρ
1033 1287 1078 1385 ἦν
1108 1303 1169 1386 μιά
1201 1295 1299 1387 μόνη,

131 1407 292 1494 καθάπερ
323 1409 361 1478 ἐν
392 1421 463 1490 τοῖς
493 1413 623 1494 παισίν,
656 1404 758 1476 οὐδὲν
790 1401 833 1476 ἂν
867 1405 1012 1478 ἐκῶλνεν
1041 1401 1189 1495 ἀκαίρως
1215 1403 1324 1496 ἡμᾶς·

132 1513 325 1586 ἀπολαύειν
356 1519 425 1585 τῶν
453 1517 753 1604 ἐπιθυμονμένιον,
787 1513 898 1604 ῶσπερ
929 1540 967 1603 γε
997 1513 1054 1584 καὶ
1087 1517 1118 1582 sf
1148 1512 1253 1602 μόνος
1280 1509 1341 1584 dar
1401 1510 1406 1519 ’

133 1625 301 1713 λογισμὸς
329 1615 371 1710 τ’,ν
398 1623 483 1710 πρὸς
510 1621 613 1693 οὐδὲν
643 1619 824 1692 faustum·
850 1649 885 1692 τε
913 1623 970 1692 καὶ
998 1619 1187 1705 στασιάζειν
1214 1626 1299 1690 εἰθι-

134 1733 273 1822 σμένος,
297 1727 401 1800 οὐθὲν
420 1726 464 1800 όν
487 1723 531 1819 ἦν
548 1735 683 1820 πρᾶγμα
708 1734 860 1810 διψῶντα
882 1729 929 1820 μὴ
952 1737 1065 1799 πίνειν
1089 1724 1109 1818 ἢ
1130 1731 1300 1820 πεινῶντα

131 1839 184 1930 με)
220 1841 352 1910 ἐσθίειν
384 1837 465 1909 oddl
498 1837 659 1927 ἐγκρατὴς
692 1836 771 1908 οόὸὲ
805 1838 955 1926 σαόφρων
988 1833 1033 1908 dv
1065 1834 1083 1907 ό
1115 1836 1162 1926 μὴ
1192 1843 1303 1908 πίνων

129 1947 347 2037 ὠνομάζετο,
379 1945 533 2034 καθάπερ
566 1943 647 2016 οὐδὲ
681 1945 699 2017 ό
728 1946 773 2036 μὴ
807 1951 970 2034 βαδίζων,
1003 1949 1034 2015 ελ
1059 1943 1106 2034 μὴ
1133 1945 1301 2033 βούλοιτο.
1317 1971 1342 2010 ιι

131 2057 219 2127 νυνὶ
244 2059 297 2140 δι’,
326 2057 396 2126 ἐπεὶ
419 2059 531 2124 διτταί
550 2055 639 2136 τινές
666 2059 754 2123 εἰσιν
777 2058 815 2122 αι’
834 2053 897 2124 τὸν
919 2051 1106 2141 ἄνθρωπον
1130 2057 1136 2140 Ι
1161 2053 1301 2124 ἐπισπῶ·
1311 2071 1370 2131 481.

129 2191 240 2254 μεναι
264 2162 442 2253 δυνάμεις,
465 2167 535 2232 ἔστι
560 2161 597 2231 dl
621 2159 743 2250 ἄλογος
766 2159 786 2250 ἡ
815 2165 878 2231 τοῦ
904 2159 1053 2249 πόματος
1075 2162 1302 2250 ἐπιθυμοῦσα

180 2371 191 2417 1
214 2367 293 2418 σῖτον
311 2361 343 2418 L.
367 2392 401 2403 -
425 2359 548 2430 διγῶττιι
571 2361 611 2416 L.·
627 2389 661 2402 -
688 2365 704 2416 3
728 2356 851 2430 δύναμις
873 2353 1140 2428 daemoniacis,
1164 2375 1237 2444 qnae
1260 2359 1303 2416 in·

131 2435 261 2490 teriecla
279 2437 355 2492 aunt.
373 2433 468 2489 verbis
487 2433 523 2488 li.
544 2463 577 2475 -
599 2439 613 2488 ἰ’
634 2427 662 2486 d’
684 2427 890 2502 ἰνὸεικνομὲνη
908 2432 939 2486 L.
960 2463 993 2474 -
1018 2425 1142 2504 θὴρτο
1162 2453 1198 2502 ην
1217 2431 1248 2488 L.
1269 2461 1301 2472 -·

133 2519 153 2563 ’.ι
182 2500 221 2560 ῶν
249 2523 303 2560 om.
327 2505 503 2574 LllltBCbr
533 2505 568 2560 cf.
592 2504 676 2560 Proll.
705 2523 752 2576 pp.
778 2511 812 2558 aa
839 2509 868 2559 et
894 2511 953 2560 127.
982 2533 1016 2546 -
1048 2513 1075 2558 11
1105 2499 1257 2558 &salmoe
1280 2503 1303 2558 L

131 2577 294 2634 οἱνθέλιιιον
317 2577 378 2634 eud.
402 2597 477 2634 man.
502 2587 660 2632 correctum
684 2575 713 2631 iu
736 2571 893 2631 ἀνθέλκειν
916 2577 952 2632 n.
978 2607 1009 2617 -
1036 2571 1194 2641 στασιάζον
1213 2575 1244 2630 L.
1267 2609 1303 2620 -

135 2657 177 2708 13
196 2649 304 2704 πεινῶν
323 2667 374 2722 pro
395 2651 487 2705 πίνων
505 2649 536 2704 L.
557 2680 589 2691 -
617 2655 649 2704 14
668 2643 824 2719 dusaritim
844 2647 882 2704 ll.
902 2677 935 2688 -
962 2655 995 2703 lb
1014 2647 1072 2702 τῶν
1088 2642 1253 2719 dederim
1271 2649 1303 2708 la.

133 2753 177 2766 -
198 2729 231 2778 ισ
250 2723 295 2790 εἰη
314 2739 365 2794 pro
385 2719 443 2779 fers
462 2721 544 2778 1..-

135 2923 205 3008 vel,
226 2923 283 3010 qui
303 2923 403 3012 alget,
422 2923 563 2990 calefieri
582 2922 644 3008 rel,
667 2921 723 3009 qui
743 2921 887 3008 calescit,
909 2922 1097 3012 refrigerari
1116 2924 1168 2991 rel
1187 2945 1304 2992 verrere

134 3030 660 3116 uti,quiadca1nstimulatur.
698 3035 787 3108 Quae
807 3031 894 3096 enim
918 3031 952 3096 in
974 3031 1070 3096 nobis
1090 3037 1141 3098 est
1163 3033 1305 3100 facultas
1368 3067 1373 3072 ·

135 3139 356 3224 irrationalis,
380 3139 420 3205 ad
441 3139 581 3226 singula,
604 3161 686 3224 quae
706 3141 916 3225 appetuntur,
934 3137 1173 3206 desiderantem
1192 3137 1305 3226 trahit,

136 3247 231 3314 ratio
254 3251 369 3314 contra
397 3246 539 3313 retrahit
566 3251 663 3333 atque
691 3247 851 3332 impetum
876 3245 1144 3332 intempestivum
1169 3253 1305 3315 coercet.

136 3355 259 3441 ltaque
283 3377 381 3440 saepe
405 3357 456 3438 fit,
479 3359 516 3421 ut
539 3375 651 3440 pugna
674 3353 760 3419 inter
782 3353 843 3420 bas
867 3353 1042 3420 facultates
1067 3356 1152 3421 acris
1175 3355 1305 3424 oboria-

138 3474 208 3548 tur,
230 3485 314 3548 quae
334 3461 500 3549 geminam
523 3484 592 3527 esse
611 3469 765 3528 naturam
789 3461 823 3527 iu
846 3461 943 3528 nobis
966 3461 1194 3529 dissidentium
1219 3463 1306 3529 inter

140 3595 182 3640 se.
216 3571 413 3638 facultatum
452 3571 629 3637 manifeste
667 3570 822 3636 declarat.
882 3567 968 3635 Nam
1006 3571 1034 3635 si
1067 3591 1132 3636 una
1165 3573 1306 3654 tuntum,

139 3677 420 3766 quemadmodum
443 3679 477 3744 in
502 3677 628 3762 pueris,
661 3681 760 3758 esset,
787 3675 871 3742 nihil
895 3676 1098 3762 prohiberet,
1130 3677 1305 3764 quominus

139 3787 243 3852 rebus
266 3786 424 3874 appetitis
443 3786 674 3872 intempestive
698 3785 889 3868 frueremur,
914 3787 998 3852 sicut
1018 3787 1128 3870 etiam,
1148 3785 1175 3850 si
1199 3785 1304 3852 sulam

141 3895 309 3960 rationem
332 3891 528 3959 haberemus
553 3893 593 3958 ad
612 3891 737 3958 nullam
761 3913 828 3957 rem
853 3915 915 3959 nos
938 3893 1106 3960 retrahere
1124 3898 1159 3959 et
1181 3891 1304 3960 dissen-
1409 3933 1416 3946 ·

140 4003 208 4068 tire
231 3999 523 4086 solitam,·uullum
547 3999 717 4086 negotium
742 4005 842 4083 esset,
871 4003 898 4066 si
923 4001 996 4088 qnia
1019 4006 1076 4067 aut
1100 4001 1215 4066 sitiens
1238 4023 1305 4068 non

141 4111 274 4176 biberet
297 4113 355 4176 aut
377 4109 523 4176 esuriens
547 4129 613 4174 nou
638 4105 761 4181 ederet.
784 4129 888 4192 neque
912 4109 1083 4176 continens
1107 4109 1158 4174 rel
1182 4113 1305 4196 tempe·

142 4240 221 4284 rum
246 4214 485 4302 appellaretur,
512 4217 567 4302 qui
591 4237 657 4280 nou
681 4213 823 4300 biberet,
851 4215 1000 4282 sicutne
1023 4217 1052 4282 is
1076 4215 1222 4302 quidem,
1248 4218 1303 4304 qui

143 4347 210 4394 ιιοα
235 4325 399 4410 ambulat,
426 4323 489 4390 nisi
514 4324 594 4389 vult.
639 4320 734 4388 Nune
764 4327 891 4404 autem,
923 4323 1078 4408 quoniam
1108 4323 1192 4390 duae
1220 4329 1305 4410 sunt,

142 4457 229 4523 ιμιοε
251 4431 419 4498 hominem
445 4431 485 4496 nd
505 4454 539 4496 se
564 4431 709 4516 tralumt,
732 4431 915 4514 facultates,
938 4431 1140 4498 irrationalis
1160 4433 1306 4518 lectionis

1033 4539 1090 4594 30*
