2976 5028
672 289 918 356 -336-

210 477 248 550 γε
280 447 362 522 οῦδὲ
392 447 500 530 οὕτως
532 449 705 538 ἐγχωροῦν
737 454 785 530 είς
811 455 888 534 τρία
916 449 1099 537 τέμνεσθαι
1126 449 1165 519 τὸ
1194 447 1381 537 πρόβλημα

119 559 475 649 Ιδθδμεταχειρίξζεται
498 556 560 627 τὸν
583 558 687 645 λόγον
715 557 943 626 ἐπιδεικνύναι
966 555 1186 644 πειρώμενος,
1213 555 1260 638 aia
1284 555 1382 645 ἇμει·

212 694 276 739 νον
299 677 349 754 είη
372 673 498 754 κρίσεις
516 661 769 752 ὑπολαμβάνειν
791 661 877 734 αὐτὰ
899 665 953 734 καὶ
974 662 1037 734 οὐκ
1056 664 1274 754 ἐπιγινόμενα
1299 691 1382 734 τινα

211 790 284 858 ταῖς
308 780 460 862 κρίσεσιν
488 772 734 862 ἐπιλαθόμενος
765 764 815 842 τόν
843 769 946 854 αὐτὸς
974 774 1012 840 ἐν
1039 775 1086 865 τῷ
1118 775 1270 864 προτέρῳ
1300 774 1382 858 περί

184 887 321 973 σψυχῦς
343 888 466 970 ἔγραψε
490 879 551 950 τὸν
577 880 640 969 μὲν
664 888 771 968 ἔρωτα
796 883 856 968 της
879 881 1122 969 ἐπιθυμητικῆς
1152 879 1239 950 εἶναι
1271 881 1384 950 δυνά-

211 1016 310 1080 μεως,
332 988 394 1059 τὸν
416 988 453 1058 δὲ
477 988 581 1078 χόλον
601 993 660 1078 τῆς
684 992 899 1075 θυμοειδοῦς.

293 1096 421 1185 Ὥσπερ
454 1097 491 1166 δέ
528 1098 566 1166 έν
597 1096 730 1176 τούτοις
766 1097 948 1166 ε’πελόθετό
984 1123 1020 1166 τε
1053 1095 1122 1186 ἅμα
1159 1101 1228 1168 τόν
1267 1099 1383 1189 ἐαυτῷ

211 1206 454 1295 γεγραμμένων
476 1201 539 1272 οῦκ
567 1201 690 1292 ἠξίωσέ
709 1230 743 1272 τε
766 1203 851 1290 πρὸς
872 1201 910 1272 τὸ
934 1209 1003 1274 τῶν
1024 1211 1179 1275 παλαιῶν
1202 1203 1385 1275 ἀπειπεῖν

213 1313 338 1402 δόγμα,
366 1309 449 1380 κατίι
476 1310 537 1380 τὸν
561 1307 666 1380 αύτὸν
694 1310 822 1398 τρόπον
850 1313 888 1380 ἐν
914 1327 986 1393 τοῖς
1013 1311 1167 1402 ὁρισμοῖς
1194 1317 1264 1382 τῶν
1288 1339 1383 1400 γενι-

101 1450 106 1495 ;
174 1444 200 1484 ιο
213 1424 284 1491 κῶν
305 1423 439 1505 παθῶν,
463 1415 523 1498 οῦς
540 1418 694 1504 πρώτους
713 1420 857 1501 ἐξέθετο,
880 1421 999 1501 τελέως
1017 1418 1187 1510 ἀποχωρεῖ
1207 1423 1267 1507 τῆς
1290 1419 1383 1507 yaci-

213 1556 278 1618 μης
310 1525 424 1598 αύτῶν
452 1524 514 1614 ripe
541 1525 653 1614 λύπην
681 1524 876 1614 ὁριζόμενος
908 1526 1013 1610 δόξαν
1041 1527 1239 1618 πρόσφατον
1267 1531 1382 1596 κακοῦ

214 1643 411 1725 παρουσίας,
434 1633 495 1704 τὸν
518 1633 556 1702 δέ
579 1635 691 1722 φόβον
714 1642 921 1721 προσδοκίαν
944 1639 1067 1722 κακοῦ,
1095 1635 1158 1723 τίχν
1181 1637 1218 1706 δὲ
1244 1633 1383 1724 ἡδονὴν

215 1743 320 1827 δόξαν
342 1741 541 1830 πρόσφατον
563 1739 698 1829 ἀγαθοῦ
721 1749 915 1830 παρουσίας.
960 1742 1118 1833 ἄντικρυς
1146 1743 1210 1832 γὰρ
1239 1745 1277 1814 ἐν
1299 1744 1381 1813 τού-

214 1879 285 1932 τοις
306 1855 369 1921 τοῦ
391 1853 584 1938 λογιστικοῦ
612 1852 671 1938 της
699 1855 806 1938 ψυχῆς
831 1851 942 1940 μόνον
968 1854 1132 1940 μέμνηται
1160 1859 1383 1940 παραλείπων

176 1983 201 2024 ιο
216 1959 253 2029 τό
277 1986 311 2030 τε
335 1955 581 2046 ἐπιθυμητικόν
604 1959 658 2026 καὶ
682 1956 719 2028 τὸ
739 1961 932 2048 θυμοειδές·
956 1961 1011 2028 καί
1030 1959 1095 2048 γὰρ
1113 1959 1176 2048 τίγν
1195 1959 1301 2042 δόξαν
1319 1961 1379 2028 καί

214 2067 279 2156 τὴν
301 2071 510 2156 προσδοκίαν
533 2067 571 2135 έν
592 2070 637 2158 τῷ
666 2070 842 2158 λογιστικῷ
870 2066 964 2156 μόνῳ
988 2073 1214 2136 συνίστασθαι
1241 2073 1383 2155 νομίζει.

253 2294 268 2344 1
287 2281 432 2358 ἐγχωροῦν
450 2284 509 2340 blA
529 2278 660 2353 έγχωρῶτ
679 2283 792 2348 ΒΟίιΚς
818 2282 853 2340 ct.
872 2281 968 2352 Progr.
989 2285 1026 2349 11,
1047 2293 1071 2340 o.
1096 2314 1130 2324 -
1155 2291 1171 2340 2
1195 2279 1380 2356 τειρόμενον

214 2359 254 2415 M.
271 2389 308 2400 —
332 2356 496 2430 lupariam
514 2357 552 2428 τῷ
572 2357 637 2424 περὶ
656 2357 736 2412 codd.
756 2356 818 2410 edd.
845 2355 882 2426 τῷ
908 2355 1072 2412 delevimus.
1096 2387 1130 2398 -
1155 2364 1171 2412 δ
1197 2355 1306 2426 {pauor
1332 2357 1380 2412 bis

215 2431 311 2574 {Li
326 2435 360 2544 Ξ
378 2426 481 2496 citabere
506 2430 543 2484 bl.
568 2458 601 2470 -
632 2434 664 2482 1o
688 2427 837 2498 λογιστικοῦ
860 2427 890 2482 M
916 2427 1019 2500 λογικῷ
1050 2427 1197 2496 auch&
1225 2429 1262 2484 cs.
1287 2429 1379 2484 Proll.

220 2631 432 2641 a—-a--n—

216 2725 275 2788 ant
297 2721 401 2788 motio
424 2719 583 2806 quaedam
607 2719 781 2785 vehemens
810 2717 979 2784 facultatis
1008 2718 1185 2786 irascibilis
1208 2725 1268 2786 est
1314 2719 1379 2786 Ille

215 2851 303 2915 sero,
326 2851 400 2896 eum
419 2827 644 2914 quaestionem
668 2827 833 2894 trifariam
851 2826 954 2893 dividi
976 2826 1083 2911 beent,
1106 2849 1148 2895 ne
1171 2829 1219 2894 sic
1242 2829 1377 2915 quidem

216 2959 286 3004 rem
317 2940 441 3003 tractat
468 2941 668 3022 conaturque
696 2933 866 3002 ostendere
898 2934 1015 3001 melius
1049 2957 1121 3001 esse
1149 2937 1286 3002 allectus
1314 2957 1378 3022 pro

217 3043 348 3110 iudiciis
376 3045 458 3130 ipsis
486 3065 584 3130 quani
613 3067 674 3130 pro
698 3044 754 3128 iis,
777 3064 859 3128 quae
888 3043 1018 3108 iudiciis
1042 3043 1231 3128 succedant,
1258 3047 1378 3127 putare

217 3151 341 3218 oblitus
364 3173 491 3234 comm,
518 3173 600 3237 quae
628 3151 756 3236 ipsein
780 3151 890 3235 priore
914 3151 953 3216 de
977 3151 1088 3217 anima
1111 3149 1258 3237 scripsit,
1286 3173 1378 3218 amo·

217 3279 285 3325 rem
309 3260 505 3344 appetentis,
526 3259 611 3325 iram
636 3281 706 3323 esse
729 3259 906 3325 irascibilis
930 3258 1109 3324 facultatis.

307 3365 586 3444 Quemadmodum
610 3371 719 3432 autem
744 3366 854 3432 iubis
878 3367 975 3432 simul
1000 3371 1033 3432 et
1051 3389 1174 3450 eornm,
1197 3387 1280 3451 quae
1304 3366 1377 3452 ipse

115 3537 123 3552 ,
216 3475 402 3562 scripserat,
426 3475 549 3542 oblitus
569 3480 619 3540 est
638 3479 671 3540 et
689 3483 804 3540 contra
822 3478 969 3540 veterum
993 3475 1159 3540 decretum
1178 3475 1286 3540 dicere
1309 3495 1378 3541 non

217 3605 337 3670 operae
368 3582 511 3668 pretium
549 3582 763 3666 existimavit,
799 3582 848 3646 ita
884 3581 920 3646 in
956 3583 1161 3669 generalium
1197 3582 1377 3648 affectuum

218 3691 435 3774 finitionibus,
467 3712 550 3775 quas
573 3689 697 3776 primas
727 3689 891 3775 exposuit,
919 3711 1054 3774 prorsus
1090 3690 1132 3756 ab
1163 3711 1276 3756 eorum
1304 3710 1378 3756 sen·

218 3799 324 3864 tentia
343 3798 474 3880 recedit,
496 3799 553 3884 qui
574 3797 811 3884 aegritudinem
831 3797 946 3863 definit
968 3821 1039 3862 esse
1059 3797 1247 3884 opinionem
1266 3817 1377 3863 reeen-

218 3911 286 3972 tem
309 3905 388 3972 mali
417 3907 614 3992 praesentis,
642 3911 764 3973 metum
789 3906 1065 3992 exspectationem
1091 3904 1184 3988 mali,
1210 3903 1377 3970 laetitiam

218 4012 406 4100 opinionem
440 4019 600 4080 recentem
635 4015 712 4080 boni
749 4015 942 4100 praesentis.
997 4013 1098 4078 leie
1131 4013 1215 4077 euim
1255 4013 1290 4078 in
1323 4011 1377 4078 his

217 4120 391 4188 rationalis
432 4126 561 4188 tantum
600 4123 729 4188 ammae
772 4123 876 4206 partis
914 4120 1094 4206 cupiditate
1132 4125 1165 4186 et
1207 4118 1379 4186 nacmdia

219 4227 452 4316 praetermissa
481 4229 644 4314 meminit,
672 4229 700 4294 si
725 4229 855 4315 quidem
880 4231 913 4294 et
940 4227 1128 4314 opinionem
1152 4233 1185 4293 et
1208 4232 1378 4315 exspecta·

220 4337 343 4403 tionem
375 4335 409 4400 in
438 4337 495 4402 illa
522 4340 651 4402 tantum
681 4341 774 4421 parte
803 4337 981 4404 consistere
1010 4341 1114 4422 putat.
1160 4334 1199 4402 In
1227 4333 1378 4402 libidinis
