3022 5038
591 311 746 378 -587
795 345 834 358 -

130 481 203 551 λοῖς
229 469 530 559 βεβασανισμένων
563 466 627 539 ὑπὸ
657 473 726 538 τῶν
759 467 907 556 ἀρίστων
940 469 1077 558 ἀνδρῶν
1104 477 1140 542 a
1167 498 1203 542 τε
1230 477 1293 544 τοῦ

131 577 328 666 Περιπάτου
354 577 409 646 καὶ
438 581 496 666 τῆς
519 582 631 659 Στοᾶς
658 580 817 666 ἐξαίφνης
845 607 894 660 τις
917 577 1071 670 ἀνεφάνη
1099 585 1169 651 τῶν
1190 587 1293 676 'titoq-

128 690 321 774 πατητικῶν
352 683 479 775 ὑμένιις
511 684 598 754 εἶναι
630 686 738 772 λέγων
769 685 850 768 τοὶς
886 684 949 756 ἀπὸ
983 692 1042 776 τῆς
1073 695 1214 776 καρδίας
1246 695 1294 772 είς

129 793 320 882 ἐγκέφαλόν
339 820 373 864 τε
394 795 399 884 l
419 793 472 862 καί
493 793 659 882 μήνιγχας
677 789 964 884 ἀναρερομείονς.
983 793 1043 884 ὑφ’
1064 789 1148 887 ιδνίχ
1170 797 1292 888 ψυχικὴ
1302 817 1360 875 aaa

129 903 277 991 δύναμις
304 899 548 990 ἀνακομίζεται·
576 901 631 970 καὶ
660 904 764 970 ταῦτα
794 904 953 992 ἐπιχειρεῖ
977 907 1088 994 λέγειν
1111 903 1327 995 ἀνδρωποςε

128 1007 212 1081 οὐδὲ
237 1009 324 1090 ὅλως
347 1007 517 1098 ἀνατομῆς
535 1007 718 1098 ἁψάμενος.
754 1011 821 1080 ἐπεὶ
848 1013 884 1082 δέ
903 1013 988 1100 πρὸς
1012 1011 1107 1102 ἡμῶν
1126 1015 1292 1086 ἐδέδεικτο

130 1121 187 1188 καί
214 1119 272 1188 διὰ
295 1123 364 1188 τῶν
382 1123 586 1206 ἔμπροσθεν,
609 1115 655 1198 ὡς
677 1134 749 1198 τοῖς
767 1119 901 1204 νεύροις
920 1121 1101 1207 ἐγκέφαλος
1120 1123 1293 1212 ἐπιπέμπει

125 1227 294 1316 διψάμεις
325 1221 401 1296 οἷον
437 1225 526 1314 πηγή
558 1254 608 1308 τις
641 1223 801 1316 ὑπάρχων
832 1223 948 1314 αι’·τός,
987 1223 1049 1296 οὑκ
1082 1229 1117 1298 έκ
1154 1235 1294 1319 καρδίας

127 1335 333 1424 λαμβάνων.
356 1331 402 1415 ὦς
424 1333 486 1422 μέν
510 1339 610 1422 ἔνιοι,
634 1333 691 1404 διὰ
714 1331 829 1404 αι’τῶν
852 1325 902 1404 ὧν
925 1341 1057 1423 ἔφασαν
1083 1337 1225 1426 νεύρων,
1248 1337 1294 1422 ὦς

126 1447 167 1514 δέ
194 1443 303 1514 ἄλλοι.
326 1441 383 1512 διὰ
401 1445 470 1512 τῶν
489 1447 686 1530 κιιριοτίδων
703 1441 884 1531 ἀρτηριῶν.
911 1441 1173 1536 ἠναγκάσθημεν
1190 1439 1294 1530 αὖθις
1309 1473 1334 1514 ιο

131 1553 228 1642 ὑμεῖς
265 1550 491 1622 ἐπιδεικνύναι
529 1552 614 1640 μηδὲ
656 1549 781 1640 ὑμένας
820 1550 1094 1644 ἀναφερομένους
1134 1553 1221 1637 ὄλως
1257 1557 1293 1626 έκ

128 1666 274 1746 καρδίας
296 1665 344 1741 είς
365 1659 527 1749 κεφαλήν.
551 1665 582 1730 εί
604 1659 641 1729 δέ
665 1668 725 1730 καί
743 1687 833 1742 τινες
854 1666 923 1732 τῶν
942 1661 1023 1732 κατὰ
1046 1662 1108 1731 τὸν
1125 1661 1294 1752 τράχηλον

131 1769 281 1858 ὑμένων.
305 1771 341 1838 εἰι
359 1773 499 1854 καρδίας
521 1767 566 1858 μὴ
587 1767 673 1838 εἶναι
692 1769 836 1856 φάσκειν
855 1770 1091 1857 δαιτέμνοντές
1112 1797 1149 1841 τε
1165 1771 1294 1855 πάντας

129 1875 259 1957 αι’·τοὺς
286 1877 501 1958 ἐκκόπτοντες
527 1903 562 1946 τε
585 1877 692 1966 μηδὲν
718 1883 781 1946 τοῦ
814 1877 900 1970 ζῴον
928 1881 1172 1968 βλαπτομένου.
1221 1903 1293 1950 σκε-

129 1987 289 2076 πάσματα
312 1985 376 2074 γάρ
396 1990 483 2054 εἰσιν
501 1989 538 2056 σί
553 1981 683 2074 ὑμένες.
707 1991 794 2054 ἔνθα
812 2011 873 2070 περ
893 1981 938 2054 ἀν
955 1983 1141 2076 ὑπάρχωσι,
1163 1995 1295 2079 μορίων
1308 2014 1335 2055 ιο

128 2101 302 2184 μηδεμίαν
329 2095 502 2182 ένέργειαν
530 2089 550 2180 ἢ
577 2101 694 2183 χρείαν
722 2093 840 2182 ἑτέραν
867 2101 1013 2184 ἔχοντες,
1046 2093 1170 2166 ὁποίαν
1195 2093 1295 2186 ἀρτη·

154 2271 464 2368 ἓίξμι’φνηςτλΑ.-
431 2295 517 2330 αν
533 2269 627 2360 έφανη
640 2275 707 2331 nn
719 2277 968 2350 -τιεριπατηιιῶν
963 2277 1060 2335 ia·
1078 2285 1111 2334 10
1124 2297 1187 2346 ητα
1181 2273 1293 2348 watra

131 2369 187 2405 ιιεν
206 2339 336 2404 οὑτΜ’
322 2367 387 2434 qva·
381 2339 615 2434 χιιάοθημενοὺι·
630 2347 760 2403 aaran
776 2367 829 2402 οιν
849 2317 1018 2414 ‹tetii-imum
1038 2349 1073 2404 ct'.
1090 2348 1174 2406 Proll
1189 2367 1217 2422 p.
1233 2357 1293 2407 115.

131 2453 166 2466 -
191 2431 218 2476 lt
242 2415 347 2490 μηδ’
332 2419 442 2490 σμένος
459 2409 540 2476 οοδδ
555 2421 618 2476 edd.
638 2417 742 2503 μηδὲ
732 2441 788 2504 ιμ.
798 2439 859 2476 noe:
880 2421 914 2476 et.
930 2420 1015 2476 Prolt.
1036 2439 1063 2492 p.
1080 2429 1193 2477 loa—
1216 2427 1248 2478 12
1269 2420 1297 2478 εί

132 2493 165 2550 σε
188 2493 234 2546 καί
255 2511 331 2558 τινες
350 2491 404 2548 etei
423 2513 479 2548 των
494 2492 623 2550 Corn.-
590 2487 716 2548 -κατὰ
736 2479 876 2562 τράχηλον
871 2493 1032 2548 ita-1³
1052 2489 1194 2564 φάσκοιεν
1212 2493 1293 2551 codd.

132 2567 197 2622 edd.
216 2559 340 2634 ιςάοιιιιτ
357 2581 470 2621 ποι.-

132 2750 357 2834 etiamnunc,
385 2770 459 2815 cum
482 2749 548 2816 iam
578 2747 632 2814 diu
663 2749 777 2833 scripti
807 2753 915 2813 eesent
945 2753 1020 2814 ante
1044 2747 1130 2816 huam
1154 2747 1231 2815 libri
1256 2771 1293 2816 ac

134 2881 193 2944 per
222 2858 344 2924 multos
372 2879 475 2924 annos
505 2856 547 2922 ab
576 2857 711 2942 optimis
740 2857 924 2943 quibusque
953 2863 984 2922 et
1008 2855 1237 2944 Peripateticis
1262 2863 1294 2924 et

134 2967 255 3032 >stoicis
275 2965 464 3050 examinati,
482 2971 615 3050 repente
635 2965 762 3032 exetitit
781 2965 914 3052 quidam
934 2987 951 3032 e
972 2965 1083 3032 schola
1101 2965 1295 3051 Peripateti·

133 3097 257 3144 eorum.
276 3075 331 3160 qui
350 3073 559 3140 membranas
579 3097 649 3138 esee
669 3073 801 3158 diceret,
819 3097 937 3159 quaea
957 3075 1053 3140 eorde
1072 3075 1106 3140 in
1125 3075 1294 3142 cerebrum

133 3187 269 3269 eiusque
292 3183 459 3250 involucra
485 3182 694 3248 ascenderent
720 3199 817 3267 atque
837 3205 873 3246 ea
900 3205 933 3248 re
958 3183 1133 3248 animalem
1157 3183 1294 3250 faculta-

133 3309 200 3357 tem
221 3290 481 3372 transuetrererrt3
506 3297 605 3376 atque
624 3290 704 3356 haee
724 3292 820 3356 aurtet
842 3291 948 3356 dieere
967 3292 1006 3375 ia,
1029 3293 1085 3378 qui
1103 3293 1294 3378 neutiquam

133 3399 338 3466 anatomiam
361 3399 520 3486 attigerit.
566 3397 648 3464 Cum
678 3407 830 3465 autema
859 3401 954 3466 nobis
984 3399 1085 3466 etiam
1114 3421 1212 3485 supra
1242 3399 1294 3464 de·

133 3515 354 3574 monstratum
375 3513 461 3574 esset
486 3508 654 3574 cerebrum
675 3506 715 3572 ad
735 3531 853 3572 nervus
875 3507 1050 3574 facultates
1070 3507 1295 3573 transmittere

134 3619 307 3704 ipsumque
330 3617 424 3702 quasi
448 3615 573 3682 fontem
598 3639 669 3682 esse
692 3639 797 3703 neque
822 3639 839 3680 a
865 3615 970 3698 eorde,
995 3621 1031 3680 ut
1053 3613 1213 3698 nonnulli,
1238 3636 1296 3698 per

133 3748 267 3810 neruos,
289 3747 371 3812 quos
395 3725 600 3808 statuebant,
624 3733 659 3790 ut
685 3725 755 3808 alii,
778 3747 838 3810 per
860 3725 998 3790 arterias
1023 3723 1188 3788 carotidas
1211 3721 1295 3786 arei·

134 3857 226 3922 pere,
253 3855 365 3900 rursus
390 3831 496 3898 eoacti
521 3856 633 3898 sumus
658 3831 828 3897 ostendere
857 3855 898 3898 ne
926 3831 1136 3898 membranas
1164 3827 1294 3916 quidem

134 3942 269 4010 omnino
300 3965 318 4006 e
346 3939 442 4008 corde
471 3941 505 4008 in
535 3951 633 4027 eaput
663 3941 808 4008 tendere.
837 3945 868 4004 et
897 3939 925 4004 si
954 3961 1037 4024 quae
1065 3961 1105 4004 ex
1128 3937 1183 4020 iia,
1210 3959 1295 4022 quae

135 4053 226 4117 iuxta
247 4049 368 4116 collum
392 4055 477 4134 sunt,
502 4073 556 4114 eas
581 4055 690 4114 tamen
711 4071 728 4114 e
753 4050 850 4114 cuiue
870 4070 941 4112 ease
964 4067 1096 4126 negare,
1119 4049 1294 4130 propterea

134 4159 237 4248 quud,
266 4159 294 4224 si
322 4181 437 4225 omnes
464 4159 541 4224 illae
570 4157 812 4223 ‹lissecareutur
839 4161 872 4222 et
900 4155 1138 4238 exciderentur,
1170 4151 1293 4218 animal

134 4267 262 4336 nullum
285 4267 440 4334 damnum
465 4269 641 4354 acciperet,
669 4266 790 4351 quippe
814 4287 887 4330 eum
911 4263 1136 4344 membranae,
1159 4259 1292 4328 ubicun-

134 4399 198 4464 que
228 4381 317 4460 eunt,
343 4377 489 4462 partium
512 4377 740 4464 integumenta
768 4377 877 4438 essent
906 4393 943 4438 ae
971 4369 1094 4438 nullam
1123 4373 1294 4456 praeterea
