3012 5010
665 257 928 376 ζετο-4
1006 281 1009 288 ’

203 463 372 546 ’ἅπαντος
394 467 455 534 τοῦ
478 463 584 551 λόγου
606 463 690 552 πρὸς
712 465 749 534 τὸ
774 463 881 554 μηδὲν
903 474 1097 552 παρελθεῖν.
1145 465 1398 556 παραθήσομαι

225 571 261 642 δὲ
284 571 348 660 τὴν
371 574 472 660 ῥῆσιν
494 569 645 658 ἅπασαν,
673 578 704 642 εί
725 574 780 640 καὶ
804 576 992 662 μακροτέρα
1015 573 1085 654 πυός
1109 575 1214 663 ἐστιν,
1242 580 1400 662 ἔχουσαν

224 671 304 750 eide·
336 682 411 768 ‘apg
441 679 510 768 plu
538 671 602 750 οὖν
631 677 733 770 όργης
765 683 946 770 γινομένης
979 685 1129 751 τ’νταῦθα
1157 680 1301 770 εὔλογον
1329 684 1398 750 καὶ

224 786 295 868 ετόις
323 773 445 869 1λοιπόις
477 789 658 876 ἐπιθυμίας
691 791 840 857 ἐνταῦθα
873 789 961 858 εἶναι
994 790 1050 858 καὶ
1083 790 1125 878 νη
1156 797 1226 859 Δία
1258 791 1314 859 καὶ
1346 790 1397 858 τὰ

182 917 205 957 ὁ·
223 893 335 964 (λοιπὰ
367 893 461 983 πάθη
494 896 549 964 καὶ
582 895 662 975 τοὺς
695 895 936 985 διαλογισμοὺς
967 900 1022 968 καὶ
1056 897 1119 968 ὅσα
1152 896 1286 977 τούτοις
1318 899 1395 966 έστῖ

223 1002 459 1092 ’παραπλήσια
502 1003 700 1092 σαινόμενοι
731 1005 766 1074 δὲ
796 1004 891 1094 φήμη
917 1011 952 1075 οί
976 1007 1093 1076 πολλοὶ
1124 1005 1257 1076 τούτων
1280 1005 1396 1074 πολλὰ

223 1109 317 1180 ’κατὰ
336 1110 399 1199 τὴν
417 1107 583 1197 ἀληθειαν
603 1113 791 1199 ἐπιλέγουσι
815 1118 954 1182 τοιαῦτα
975 1113 1127 1202 ἐχόμενοι
1147 1117 1206 1202 της
1223 1114 1398 1201 ρηθείσης

148 1240 151 1246 ’
223 1220 352 1307 ’φορᾶς
401 1223 536 1304 πρῶτον
568 1219 630 1307 μὲν
662 1218 741 1304 γάρ,
774 1225 831 1289 ἴυα
866 1221 999 1302 πάντας
1031 1224 1194 1290 ἐντεῦθεν
1222 1217 1396 1308 ἄρξωμαι,

169 1399 171 1404 ,
223 1323 317 1394 ’κατὰ
341 1323 441 1395 τοῦτό
460 1345 567 1413 φασιν
590 1323 789 1414 ἀναβαίνειν
807 1331 874 1397 τισὶ
894 1327 955 1400 τὸν
973 1328 1090 1416 θυμὸν
1112 1329 1167 1396 καὶ
1187 1335 1395 1397 καταπίνειν

182 1459 207 1498 ιο
222 1431 296 1522 ’τὴν
319 1431 424 1521 χολήν
446 1460 541 1514 τινας
567 1430 700 1516 ἀξιοῦσι
723 1437 877 1522 λέγοντές
899 1463 933 1506 τε
957 1442 1206 1506 καταπίνεσθαί
1225 1462 1302 1504 τινα
1326 1433 1395 1504 αὐ-

220 1543 303 1622 *τοῑς
333 1540 554 1631 σπαράγματα
582 1544 636 1610 καὶ
670 1541 715 1630 pi]
744 1550 987 1613 κατατείνεσθαι
1016 1542 1098 1612 κατὰ
1131 1543 1195 1634 τὴν
1222 1544 1394 1632 τοιαύτην

155 1647 349 1736 aen‘popdv
377 1649 527 1737 λέγομεν.
574 1648 662 1718 οὕτω
692 1649 727 1718 di
756 1653 811 1719 καὶ
836 1655 964 1739 λέγεται
994 1652 999 1742 Ι
1029 1650 1137 1740 μηθὲν
1165 1648 1281 1732 αὐτοῖς
1309 1652 1391 1722 τού-

221 1759 302 1826 *τωυ
328 1762 545 1844 καταβαίνειν
573 1759 628 1826 καὶ
657 1755 707 1826 ότι
733 1759 921 1828 ’καταπιὼν
948 1758 985 1828 τὸ
1017 1758 1125 1846 ῥηθέν
1152 1755 1336 1846 ἀπῆλθευ’,
1368 1757 1392 1827 ὅ

221 1867 267 1934 ‘ra
288 1863 411 1954 Ζήνων
432 1863 517 1953 πρὸς
539 1863 619 1946 τοὺς
637 1867 980 1954 ἐπιλαμβανομένους,
1005 1865 1056 1935 ότι
1074 1865 1184 1934 πάντα
1207 1867 1248 1934 τὰ
1269 1865 1390 1954 ζητού-

180 1995 207 2036 ro
222 1974 318 2060 ‘pera
342 1977 389 2052 είς
411 1972 448 2041 τὸ
473 1971 580 2060 στόμα
603 1975 713 2061 φέρει,
742 1981 868 2062 ἔφησεν
892 1971 983 2044 ’ἀλλ’
1011 1971 1053 2044 οὐ
1075 1971 1184 2042 πάντα
1207 1981 1389 2042 καταπίνε-

221 2080 315 2166 εται’,
339 2077 416 2149 οὔτε
439 2083 499 2168 τῆς
525 2081 738 2162 καταπόσεως
762 2083 870 2163 ἄλλως
897 2079 941 2150 ἆυ
969 2081 1174 2169 οίκειότερον
1200 2085 1390 2169 λεγομένης

256 2262 342 2317 trel
361 2256 417 2330 ἤθη
440 2261 489 2316 καλ
513 2261 595 2317 codd.
619 2261 681 2318 edd.
706 2263 755 2316 aul
782 2257 816 2333 νὴ
838 2265 894 2318 Δία
914 2263 963 2317 καλ
987 2281 1037 2318 nos
1061 2262 1124 2319 coll.
1145 2281 1172 2350 p.
1192 2267 1260 2331 259,
1286 2271 1327 2319 13.
1349 2295 1387 2304 -

220 2328 362 2397 traderer
385 2333 466 2422 ⁰.⁰dd'
489 2333 553 2390 edd.
576 2329 792 2420 udaroe'Corn.
817 2365 851 2376 -
875 2342 892 2390 9
916 2331 980 2390 τινὰ
1005 2333 1056 2390 τὸν
1078 2339 1177 2420 θυμον
1195 2334 1224 2388 Μ
1251 2333 1333 2400 τινας
1361 2357 1386 2392 τ.

218 2409 250 2461 θ.
270 2405 324 2460 AB
347 2424 423 2469 τινες
447 2425 469 2464 τ.
489 2409 519 2462 θ.
540 2407 621 2461 Corn.
641 2406 713 2462 cun
732 2407 787 2461 τισὶ
806 2428 828 2462 τ.
848 2409 878 2462 θ.
906 2424 964 2463 nos.
986 2439 1018 2449 -
1046 2415 1078 2462 12
1097 2428 1171 2462 ουτω
1189 2405 1224 2461 di
1243 2407 1387 2478 λέγεσθαι

219 2478 269 2534 καὶ
288 2477 368 2534 codd.
393 2476 456 2533 edd.
481 2471 555 2532 οὗτοι
580 2477 611 2532 θλ
637 2479 686 2532 καὶ
705 2477 817 2548 λέγεται
837 2497 899 2546 notu
925 2479 959 2535 cf.
979 2478 1065 2535 Proll.
1089 2497 1117 2551 p.
1141 2486 1198 2535 101.
1219 2509 1252 2519 -
1278 2481 1387 2536 τοῦτον

219 2549 257 2608 Μ.
276 2581 310 2591 -
333 2555 365 2605 15
384 2547 485 2619 φέρειν
503 2549 585 2606 codd.
605 2550 668 2605 edd.
688 2549 770 2620 φέρει
790 2567 851 2618 n0s;
873 2551 908 2607 cl.
926 2551 1012 2606 Proll.
1031 2569 1058 2623 p.
1078 2558 1122 2610 99.
1142 2583 1175 2592 -
1246 2588 1254 2598 -

220 2733 517 2821 praetermittatur,
545 2737 616 2798 tota
645 2734 868 2819 disputatione
899 2733 1051 2819 repetita.
1096 2733 1234 2818 Locum,
1266 2757 1384 2822 quam·

220 2863 318 2928 quam
341 2841 440 2927 poulo
464 2841 596 2926 longior
619 2849 683 2926 est,
710 2848 818 2908 totum
842 2865 1021 2930 apponam3
1050 2842 1131 2908 haee
1159 2845 1237 2908 eunt
1264 2845 1385 2910 verba:

219 2948 331 3016 ‘Cum
360 2949 489 3035 igitur
516 2949 588 3015 hoe
616 2949 704 3016 loeo
740 2951 797 3016 ira
828 2955 1036 3034 noscatur,
1072 2955 1383 3016 consentaneum

219 3064 281 3124 est
322 3057 440 3122 etiam
478 3057 652 3142 reliquas
695 3057 942 3143 cupiditates
980 3063 1017 3123 et
1054 3063 1160 3124 certe
1197 3058 1382 3143 reliquos

219 3164 390 3232 affectus
437 3169 475 3230 et
516 3165 799 3232 meditationes
841 3170 891 3251 et,
938 3189 1040 3252 quae
1083 3169 1173 3232 sunt·
1218 3167 1381 3252 generis

218 3273 403 3356 eiusdem,
425 3272 483 3338 ibi
508 3271 707 3339 collocari.
747 3273 908 3340 llumori
932 3278 1061 3340 autem
1084 3273 1245 3339 cuidam
1269 3273 1382 3339 obse·

218 3381 437 3448 eundantes
480 3381 660 3466 plerique
703 3381 837 3448 honum
881 3382 1006 3448 multa
1050 3380 1242 3447 eiusmodi
1285 3403 1380 3448 uere

218 3489 326 3556 dieta
349 3489 495 3555 addunt
518 3490 836 3574 propensionem,
865 3491 908 3554 de
932 3513 1006 3576 qua
1030 3489 1213 3572 diximus,
1242 3490 1380 3554 secuti.

217 3597 386 3663 Primum
407 3597 523 3682 enim,
548 3603 587 3662 ut
611 3597 700 3664 hine
720 3599 876 3665 omnino
896 3597 1107 3681 ordiamur,
1131 3595 1202 3662 hoe
1221 3597 1380 3662 nomine

218 3705 354 3772 dieunt
373 3705 588 3772 ascendere
613 3705 846 3790 quibusdam
870 3705 967 3771 iram
987 3707 1024 3768 et
1048 3703 1234 3769 devorare
1259 3703 1379 3770 bilem

218 3813 402 3901 quosdam
433 3813 571 3880 volunt
599 3819 716 3898 atque
745 3813 862 3878 etiam
891 3835 973 3878 cum
1001 3811 1166 3876 dicimus
1195 3811 1378 3878 devorari

218 3921 333 3988 abiis
357 3921 643 3988 contumeliose
662 3919 767 3986 diota
787 3921 848 3986 vel
866 3943 941 3986 non
964 3918 1160 4003 devorari,
1183 3941 1227 3985 ex
1246 3920 1377 3986 eadem

218 4029 480 4116 propensione
509 4030 682 4095 dicimus
729 4027 924 4094 Similiter
951 4027 1116 4092 dicimus
1143 4027 1245 4092 nihil
1274 4029 1377 4094 eius-

219 4137 323 4204 modi
356 4136 445 4202 illis
477 4137 709 4202 descendere
741 4143 780 4202 ot
815 4136 1019 4202 ‘devorato
1049 4135 1154 4202 dieto
1186 4135 1306 4202 abiit’
1340 4143 1379 4202 et
1434 4177 1437 4186 ·

219 4245 319 4311 Zeno
342 4245 738 4330 reprehendentibus,
768 4243 868 4330 tpuod
897 4244 1038 4326 omnia,
1066 4265 1164 4329 clune
1194 4246 1233 4310 iu
1261 4266 1377 4331 quae·

219 4353 385 4420 ationem
410 4357 658 4437 vocarentur,
681 4353 720 4418 in
740 4373 804 4417 ore
824 4357 1015 4438 gestaret,
1040 4350 1112 4416 ‘ut'
1137 4350 1266 4437 inquit
1290 4351 1376 4418 ‘non
