2966 5012
680 355 926 432 -76-,
998 405 1050 420 ..

211 514 369 582 lectiones
392 516 532 604 siugulis
555 516 636 585 locis
661 516 883 602 consentiunt,
899 512 997 604 ¹quod
1021 513 1173 601 inprimis
1197 515 1245 580 ibi
1269 514 1374 581 cerni·

211 629 279 710 tur,
301 624 359 690 ubi
382 621 437 692 FP
460 624 617 691 lectiones
641 623 801 710 praebent
828 647 848 690 a
876 625 993 692 ceteris
1022 623 1189 690 codicibus
1214 623 1374 708 diversus,

211 731 302 797 velut
323 753 355 818 p.
378 733 443 798 271
472 738 549 817 post
575 733 618 800 in.
642 734 673 798 εἰ
700 727 763 816 γὰρ
788 731 825 798 ἐν
851 735 896 823 τῷ
921 735 1134 798 διανοεῖσθαι
1163 732 1285 798 omisso
1309 730 1375 816 μέν

212 842 287 906 unte
317 839 380 928 τῷ,
412 841 498 926 quod
528 842 564 908 in
594 840 660 908 MA
691 845 811 925 exstat,
842 865 872 928 p.
903 842 968 906 283
1000 843 1077 926 post
1106 839 1149 904 iu.
1181 837 1236 904 καὶ
1271 833 1376 918 αὐτὸς

211 941 471 1031 ἐπιλαθόμενος,
503 949 559 1015 ubi
589 948 655 1016 MA
685 946 1010 1036 ἐπιλανθανόμενοςς
1039 970 1070 1034 p.
1098 948 1163 1013 287
1195 951 1274 1014 extr.
1303 941 1372 1014 ἔστ’

211 1045 256 1120 ἂν
278 1047 299 1140 ἡ
325 1055 408 1140 ζωῆς
435 1057 523 1142 παρῇ
546 1056 573 1122 F
597 1051 617 1142 ἡ
642 1052 707 1142 ζωὴ
731 1081 764 1123 π.
787 1057 836 1143 P,
864 1051 884 1142 ἡ
910 1057 994 1141 ζωῆς
1020 1056 1069 1132 εἰς
1094 1058 1170 1140 τρία
1195 1077 1228 1122 π.
1251 1055 1318 1122 MA
1337 1052 1375 1142 (ἡ

211 1161 295 1246 ζωῆς
316 1166 500 1248 συμμετρία
524 1164 616 1228 Alex.
639 1165 775 1250 Justin,
804 1167 843 1232 ef.
868 1187 967 1251 supra
994 1187 1024 1250 p.
1048 1159 1119 1249 48),
1147 1185 1178 1248 p.
1201 1164 1266 1230 ‘289
1291 1168 1375 1230 extr.

212 1271 322 1336 ἔπειτα
354 1267 389 1335 δὲ
422 1269 583 1355 ἐξελέγξαι
614 1270 668 1338 καὶ
699 1277 942 1356 καταβαλεῖν
969 1271 1009 1356 F,
1039 1273 1240 1354 καταλαβεῖν
1268 1271 1308 1356 Ρ,
1339 1272 1374 1337 iu

212 1379 361 1464 margine
385 1401 483 1444 manu
508 1385 592 1464 post.
615 1385 831 1465 καταβαλεῖν,
855 1382 1066 1464 διαβαλεῖν
1089 1379 1161 1464 LA3
1185 1403 1216 1464 p.
1240 1379 1305 1444 319
1330 1381 1376 1444 iu.

211 1479 314 1563 αὐτὸς
337 1481 355 1551 ὁ
379 1483 516 1553 πάντων
539 1489 663 1570 ἰατρῶν
686 1489 753 1574 FP,
780 1484 880 1567 αὐτὸς
903 1483 1063 1554 ἁπάντων
1086 1487 1165 1571 ΙΙΑς
1195 1485 1272 1550 ibid.
1296 1491 1378 1572 post

213 1595 254 1660 iu.
284 1589 362 1660 οὐδὲ
392 1589 456 1679 γὰρ
484 1588 528 1660 civ
555 1595 730 1680 perprimo
759 1597 826 1680 FP,
855 1595 1010 1680 ῥαγεῖεν
1037 1596 1116 1679 MA3
1145 1617 1175 1680 p.
1200 1593 1265 1659 363
1292 1599 1375 1661 extr.

212 1696 292 1766 καθ’
319 1698 403 1768 ὅσον
427 1701 464 1767 ἐν
486 1704 525 1789 τῇ
550 1706 670 1790 καρὸίςι
692 1702 817 1780 πιέσας
839 1699 1051 1790 εἶναίφασιν
1069 1701 1137 1788 FP,
1160 1701 1272 1767 πᾶσαν
1292 1701 1375 1784 ΙΙΑ;

212 1811 254 1876 ib.
286 1809 324 1876 ἐν
354 1809 441 1896 τρισὶ
472 1809 674 1896 σπλάγχνοις
703 1813 770 1895 ΙῬ,
802 1811 839 1877 ἐν
868 1825 951 1889 τοῖς
981 1835 1030 1896 τρ.
1059 1829 1112 1876 σπ.
1139 1809 1219 1896 MA,
1249 1833 1281 1896 p.
1305 1811 1373 1876 421

212 1922 288 1983 unte
320 1919 403 1984 med.
435 1917 490 1984 καὶ
521 1927 620 1985 θεῖον
650 1915 828 1987 ἀποκαλῶν
857 1913 903 1996 ὡς
932 1920 1000 2004 FP,
1028 1913 1189 1984 ἀποκαλεῖ
1214 1910 1260 1994 ὧς
1291 1917 1376 2004 MA3

211 2050 243 2110 p.
265 2027 331 2092 425
354 2028 415 2094 sub
439 2029 495 2094 fiu.
517 2027 649 2094 ἐκείνου
670 2027 805 2112 πρῶτον
824 2025 894 2112 μὲν
913 2022 999 2094 εἶναι
1024 2027 1132 2111 λέγων
1150 2025 1213 2109 FP,
1236 2023 1376 2108 πρώτου

211 2156 250 2199 τε
277 2133 357 2220 MA3
385 2159 416 2221 p.
441 2137 505 2202 643
535 2137 595 2203 sub
620 2139 672 2202 tin.
701 2131 875 2220 αὐγοειόἐς
903 2160 936 2202 τε
964 2133 1018 2200 καὶ
1048 2135 1233 2218 αι’θερώὁες
1264 2133 1376 2219 σῶμα

211 2243 268 2320 εἰς
291 2235 309 2308 ii
333 2242 388 2308 FP
412 2241 512 2330 (idem
530 2245 603 2310 Par.
623 2245 734 2333 post),
758 2247 853 2329 σῶμα
872 2242 1032 2310 λεκτεόν
1051 2237 1176 2326 αὐτὴν
1195 2243 1243 2318 εἰς
1265 2233 1283 2308 ὃ
1304 2241 1375 2308 MA

210 2345 265 2435 (cf.
289 2349 401 2438 Progr.
424 2357 526 2418 nostr.
549 2351 594 2437 ΙΙ,
619 2351 688 2440 20);
718 2377 748 2438 p.
774 2353 836 2418 718
861 2357 937 2438 post
959 2351 1042 2416 med.
1064 2349 1138 2434 περὶ
1169 2347 1204 2415 δὲ
1229 2350 1290 2415 τοῦ
1312 2349 1377 2436 φέ-

211 2462 335 2542 ρεσθαί
354 2484 385 2526 τι
413 2461 475 2524 τοῦ
496 2456 644 2544 πόματος
667 2461 713 2536 εἰς
741 2455 801 2525 τὸν
828 2455 1001 2544 πνεύμονα
1027 2455 1253 2542 παραρρέον
1279 2461 1375 2542 ὁρο-

210 2567 378 2646 σοειὸὦς
401 2565 475 2654 περὶ
498 2563 560 2633 τὸν
582 2569 728 2632 ἔνδοθεν
753 2568 876 2652 χιτῶνα
904 2567 971 2646 FP,
999 2565 1191 2650 παραρρέον
1219 2567 1375 2648 δροσοει-

211 2675 278 2752 onis
301 2699 364 2743 om.
384 2675 458 2742 MA.
504 2675 643 2742 Possum
668 2676 770 2741 multu
796 2675 860 2740 ulia
886 2677 1001 2740 afferre
1025 2675 1189 2760 exemplu,
1213 2674 1267 2739 sed
1291 2675 1375 2743 nolo

211 2805 282 2848 esse
310 2784 429 2870 longus
458 2785 492 2850 in
520 2807 554 2849 re
582 2784 635 2850 his
664 2784 821 2868 exemplis
850 2783 930 2848 sutis
958 2787 1151 2848 contestata.
1197 2781 1233 2847 Id
1258 2785 1376 2850 tomen

212 2890 385 2956 tenendum
418 2897 482 2976 est,
515 2892 699 2958 Parisinum
731 2897 768 2956 ut
800 2873 930 2956 sacculo
958 2889 1037 2955 xr'l
1070 2891 1228 2975 seriptum
1256 2891 1375 2956 multis

211 3021 249 3063 ex
277 2998 430 3065 itacismo
456 3001 544 3065 natis
579 3000 717 3085 aliisque
751 3000 931 3065 levioribus
960 2998 1085 3064 mendis
1108 2997 1274 3080 laborare,
1300 3000 1374 3083 qui·
1412 3071 1414 3074 ,

211 3107 272 3172 bus
304 3105 512 3190 Florentipus
547 3111 653 3172 aetate
686 3107 835 3192 superior
866 3107 1057 3192 plerumque
1090 3109 1195 3172 vacat.
1252 3105 1374 3192 Itaque

209 3237 275 3282 non
299 3215 435 3280 dubium
458 3215 600 3300 ridetur,
626 3216 705 3302 quin
728 3215 895 3280 Parisinus
920 3219 977 3279 aut
1001 3237 1018 3278 a
1044 3213 1154 3279 cortice
1177 3211 1372 3282 Florentino

211 3325 268 3387 aut
301 3345 339 3388 ex
372 3323 485 3393 eodem
519 3323 609 3388 fonte
642 3345 706 3408 quo
739 3322 794 3386 ille
828 3322 989 3407 originem
1017 3319 1154 3386 duxerit.
1217 3319 1374 3390 Ceterum

210 3431 288 3514 quie
315 3430 442 3496 litteras
471 3432 571 3496 habet
600 3431 694 3515 otiu
721 3427 875 3494 contextu
900 3435 933 3493 et·
962 3429 995 3494 iu
1021 3429 1167 3514 margine
1197 3430 1373 3515 perspicue

210 3537 364 3623 scriptas,
388 3563 457 3624 eus,
480 3563 562 3626 quae
586 3538 619 3603 in
639 3538 665 3602 F
685 3537 852 3622 perierunt
876 3543 933 3602 aut
954 3537 1020 3624 legi
1044 3538 1110 3603 ium
1134 3559 1201 3604 nou
1223 3543 1374 3624 possrmt,

211 3646 380 3712 commode
404 3649 522 3732 explet.

299 3751 334 3840 6)
357 3754 512 3838 Exempto
536 3757 686 3822 Parisino
706 3756 879 3838 posteriorc
904 3758 978 3819 sunt
1003 3754 1037 3818 in
1060 3752 1170 3819 codice
1194 3752 1372 3820 chartaceo

210 3881 240 3924 n.
259 3861 360 3934 2283,
379 3885 442 3946 quo
463 3865 670 3928 continentur
690 3863 808 3946 viginti
828 3867 968 3942 qrratuor
987 3861 1211 3946 excerptiones
1232 3883 1248 3924 e
1268 3862 1372 3927 variis

210 3967 327 4034 tinteni
354 3969 463 4053 libris,
491 3993 628 4054 quorum
652 3971 746 4036 imtex
771 3971 1004 4054 praemittitur.
1049 3967 1082 4034 Is
1111 3967 1211 4034 codex
1239 3969 1371 4036 saeculo

210 4074 336 4142 decimo
365 4081 457 4141 sexto
485 4090 637 4142 exaratus
666 4079 804 4143 videtur.
850 4075 913 4162 (Cf.
937 4075 1042 4143 Cutul.
1067 4099 1108 4142 m.
1135 4076 1213 4140 bibl.
1236 4098 1304 4164 reg.
1327 4077 1373 4162 ΙΙ,

210 4181 299 4265 λῖῧ).
346 4183 426 4248 Loci
450 4205 467 4246 e
491 4181 608 4248 (taleni
632 4183 670 4248 de
695 4185 831 4250 Plucitis
860 4184 954 4249 libris
978 4183 1111 4250 lI—-IX
1135 4185 1231 4250 electi
1256 4186 1289 4251 iu
1313 4209 1371 4252 uu-

210 4291 437 4376 gustissimuru
461 4290 567 4354 eoacti
592 4295 678 4358 suut:
702 4290 888 4357 litterarum
911 4292 1037 4358 formae
1057 4315 1155 4358 munu
1176 4297 1245 4358 tam
1264 4293 1371 4360 veloci

210 4397 345 4484 rudique
371 4397 512 4482 siric-tue,
541 4397 594 4462 vix
625 4403 658 4463 ut
680 4399 746 4487 legi
775 4400 913 4486 possint.
960 4399 1021 4467 His
1050 4401 1220 4466 decausis
1246 4425 1370 4489 paucus
