2992 5034
580 373 823 439 -451-

118 534 192 620 ‘per'
217 533 263 624 τῷ
292 527 572 620 ὁμολογουμένως
599 537 707 600 εἰπεῖν
734 537 815 620 ζῆν,-Ι
841 515 941 620 ἡνίκα
968 531 1015 621 μὴ
1044 535 1144 602 τοῦτο
1172 557 1283 619 prepo-

119 635 270 728 ’πρὶπός
293 645 459 710 συντείνει
487 644 536 720 είς
560 638 599 708 τὸ
623 643 692 708 τιόυ
719 637 919 728 ἀδιαφόρων
946 640 1146 729 τυγχάνειν]
1192 637 1282 726 ἤρκει

119 745 186 836 μέν
216 739 282 818 οὖν
315 757 396 828 ἴσως
426 747 482 816 καὶ
511 751 612 816 τοῦτο
644 745 729 834 πρὸς
760 749 905 832 ἔνδειξιν
935 752 995 838 τῆς
1021 745 1161 829 ἀτοπίας
1189 737 1239 816 ὧι·
1266 744 1285 814 ό

120 852 323 942 Χρύσιππος
345 864 456 944 εἴρηκε
477 855 555 944 περὶ
577 860 640 925 τοῦ
663 857 779 936 τέλους
802 857 1035 946 ἐξηγούμενος,
1058 855 1148 938 όπως
1170 853 1214 924 όν
1235 883 1287 936 τις

120 961 287 1052 τυγχάνοι
318 965 381 1034 τοῦ
413 962 695 1054 ὁμολογουμένως
725 967 766 1054 τῇ
800 963 900 1052 φύσει
937 967 1009 1053 ζῆν·
1043 961 1185 1054 όμεινον
1217 963 1311 1054 μὴν*

121 1067 272 1160 ἡγοῦμαι
295 1072 352 1140 ιιαλ
382 1069 422 1140 τόι
445 1070 578 1152 τούτοις
601 1071 675 1159 ἑξῆς
702 1069 767 1140 ὑπὸ
796 1075 858 1141 τοῦ
881 1075 1117 1142 Ποσειδωνίου
1145 1099 1286 1160 γεγραμ-

122 1179 211 1268 μένα
237 1180 457 1266 παραθέσθαι
482 1179 583 1248 τόνδε
609 1177 672 1248 τὸν
700 1179 829 1266 τρόπον
856 1183 988 1268 ἔχοντα·
1016 1178 1158 1268 ’ταύτην
1184 1206 1219 1248 τε
1243 1191 1257 1246 ί

124 1287 201 1376 ‘ripe
229 1283 373 1358 ἀτοπίαν
406 1287 561 1358 διέλυσεν
589 1285 611 1376 ἡ
644 1292 734 1358 αἰτία
765 1289 835 1356 τόν
865 1289 989 1356 παθιόν
1021 1283 1198 1375 εὑρεθεῖσα
1231 1291 1280 1356 αι’

124 1393 197 1474 ’τὰς
220 1391 324 1482 ἇρχᾶς
347 1399 450 1479 ἔδειξε
472 1399 532 1484 τῆς
555 1397 593 1464 έν
615 1411 686 1476 τοῖς
709 1399 854 1483 αίρετοίς
875 1395 928 1463 καὶ
954 1409 1111 1484 promor,-
1134 1400 1279 1481 dtreorpo·

124 1505 206 1590 ’φῆς
227 1503 284 1572 κοιλ
306 1501 387 1584 τοὺς
404 1501 550 1592 τρόπους
572 1507 631 1592 τῆς
649 1501 820 1594 ἀσκήσεως
843 1507 945 1572 διεῖλε
967 1504 1022 1572 καί
1046 1503 1087 1572 τὰ
1107 1508 1248 1586 διαπορι·

124 1611 224 1698 ’μενιι
249 1611 325 1699 περὶ
353 1615 413 1699 τῆς
440 1615 477 1682 έν
502 1611 637 1694 πόθους
664 1608 769 1700 ὁρμῆς
797 1612 978 1702 ίξέφηνεν.’
1029 1606 1072 1680 οὐ
1099 1611 1222 1700 σμικρά
1250 1639 1259 1696 ς

125 1715 206 1788 οὐδὲ
230 1716 271 1786 τὰ
294 1717 439 1807 τυχόντα
461 1721 569 1809 φησὶν
595 1717 682 1808 ἡμᾶς
704 1716 910 1788 ἀπολαύσειν
939 1715 1053 1806 ἀγαθὰ
1076 1723 1135 1806 τῆς
1157 1723 1262 1798 αἰτία,

123 1829 195 1896 τιόν
220 1829 346 1896 παθόν
373 1825 579 1916 εὑρεθείσης.
629 1833 676 1908 τίς
702 1826 767 1916 γὰρ
794 1826 832 1897 τὸ
866 1837 991 1917 μαθεῖν
1017 1824 1178 1914 ἀκριβῶς.
1211 1823 1240 1892 ι’
1282 1857 1287 1872 ·
1321 1853 1330 1894 τ

125 1961 156 2002 τι
181 1931 219 2003 τὸ
245 1929 525 2024 ὁμολογουμένως
545 1937 587 2026 τῇ
609 1935 710 2024 φύσει
736 1940 795 2024 ζῆν
814 1936 916 2022 ἐστιν,
941 1937 976 2004 έιι
998 1939 1057 2024 τῆς
1074 1940 1144 2004 τόν
1165 1944 1288 2004 παθών

125 2045 236 2122 αίτίας
258 2039 456 2131 εὑρεθείσης
478 2039 713 2135 όφελήθημεν.
758 2039 776 2113 ό
805 2041 868 2132 μὲν
897 2042 961 2132 γιίρ
984 2041 1067 2112 κατὰ
1090 2041 1202 2124 πάθος
1226 2041 1266 2111 oi

164 2231 177 2278 1
200 2217 305 2292 ζήνοινι
323 2223 373 2278 καλ
390 2217 429 2295 μὴ
449 2240 501 2295 pro
520 2223 571 2295 ζῆν
589 2217 676 2293 ἡνιίιοι
695 2217 733 2294 μέγ
753 2223 790 2290 Ιι;
813 2223 848 2280 ef.
867 2223 954 2279 Pron.
973 2243 999 2294 p.
1019 2229 1063 2279 94.
1083 2255 1117 2266 -
1142 2226 1283 2279 somn·-

126 2314 189 2350 νειν
213 2293 295 2351 οοδδ.
319 2295 382 2352 εδδ.
406 2297 546 2352 συντείνει
571 2294 652 2352 Corn.
679 2327 712 2337 -
737 2297 897 2358 sicestria
916 2295 950 2352 Κ.
975 2325 1008 2336 -·
1033 2289 1183 2364 donpierra
1206 2313 1248 2350 co

127 2366 189 2423 edd.
216 2361 387 2436 ἆδινφόροιν
412 2383 470 2422 nos.
498 2397 533 2410 -
559 2363 712 2438 τυγχάνειν
740 2367 797 2422 LM
821 2367 902 2424 Corn.
929 2362 1063 2436 τυγχάνει
1088 2365 1228 2422 aucha.
1253 2399 1262 2408 ·

129 2434 298 2510 δτνγχοὶνει
320 2437 350 2494 L.
372 2469 404 2480 —
424 2433 641 2510 όμολογημένως
660 2439 733 2502 MA:
753 2440 788 2496 ci.
807 2439 892 2496 Proll.
912 2458 940 2511 p.
960 2449 1003 2494 :tte
1023 2469 1058 2480 —
1078 2447 1093 2494 8
1112 2434 1218 2493 ἀτοπία
1237 2457 1254 2490 r

128 2509 208 2566 αίτίοι
234 2509 263 2566 L.
290 2542 322 2552 ·-
352 2505 495 2578 όραθείσοι
520 2511 601 2570 οοδδ.
627 2511 690 2567 εδδ.
717 2505 872 2580 εὑρεθεῖσα
899 2529 958 2566 uos.
984 2543 1016 2552 --
1045 2517 1062 2566 9
1091 2505 1204 2578 ὁρατοῖς
1230 2513 1251 2564 λι

127 2577 257 2668 όρειττοῖς
275 2585 300 2638 Δ
320 2576 446 2650 όρειιτοίς
465 2581 564 2640 BChK
583 2579 706 2650 αἶρετοίς
725 2601 788 2650 uos3
813 2581 847 2638 cs.
866 2583 952 2639 Proll.
975 2600 1003 2653 p.
1023 2589 1066 2638 39.
1086 2613 1119 2623 -
1147 2589 1178 2638 13
1198 2582 1239 2645 είς
1258 2603 1267 2635 ι

127 2675 183 2724 γαρ
198 2655 229 2711 L.
245 2685 278 2696 —
302 2661 334 2710 ld
350 2650 446 2718 πόθος
460 2651 694 2727 ὁμολογουμένως
712 2657 743 2726 ξι]
765 2661 802 2725 (p.
817 2661 880 2724 452,
895 2673 940 2710 rr.
962 2663 974 2710 1
991 2659 1019 2710 et
1034 2659 1061 2724 θ)
1076 2653 1195 2724 omissis,
1215 2671 1251 2716 αν,

130 2727 282 2783 interiecta
299 2731 375 2798 suut,
394 2727 488 2783 verbis
506 2727 544 2784 M.
564 2758 598 2770 ·-

129 2909 230 2976 idem
258 2909 366 2975 valet
392 2931 434 2976 ao
461 2911 594 2976 visere
623 2909 903 2976 convenienter
930 2913 1108 2994 naturae,
1136 2929 1248 2995 quen

129 3019 167 3085 id
184 3039 264 3085 non
283 3021 449 3104 auguste
468 3020 622 3104 spectat
640 3018 685 3083 ad
704 3017 983 3084 indifferentia
998 3019 1275 3103 cousequend..

130 3125 167 3192 Id
197 3123 343 3192 sufficiat
368 3125 511 3192 sortasse
539 3125 579 3190 ad
608 3125 895 3192 demonstrandam
922 3124 1145 3192 insulsitatem
1167 3147 1289 3191 eoum.

130 3257 213 3322 quoe
238 3231 443 3320 Chrysippus
467 3234 506 3299 de
530 3233 593 3299 tine
612 3233 804 3320 disputarit,
828 3255 900 3300 eum
920 3234 1081 3320 exposuit,
1104 3255 1169 3320 quo
1192 3257 1287 3298 mom

129 3343 211 3410 illud
240 3341 370 3428 assequi
398 3363 585 3427 possemus,
614 3345 652 3407 ut
675 3342 906 3408 convenienter
932 3345 1070 3408 naturae
1093 3343 1246 3406 risorem:

130 3453 370 3527 satius,tameu
393 3471 463 3514 esse
482 3451 635 3517 existimo
660 3449 759 3515 etiam
784 3471 831 3532 eu,
854 3471 937 3536 quae
961 3453 1139 3534 sequuntur
1162 3473 1178 3514 a
1200 3449 1235 3514 P·

130 3559 229 3628 douio
253 3559 391 3644 scripta,
420 3557 535 3624 afferre
563 3557 616 3623 his
640 3557 763 3624 verbis:
811 3555 933 3624 ‘Hane
961 3579 1052 3622 sero
1081 3557 1263 3623 absum.

131 3669 329 3736 rationem
353 3687 470 3732 eausa
497 3665 846 3750 perturbationum
875 3666 1078 3750 explorata
1108 3667 1232 3730 sust».¹

132 3775 335 3864 principio
365 3775 646 3860 perversitatis
675 3775 713 3840 in
747 3773 978 3860 appetendis
1010 3771 1234 3860 fugiendin,

132 3887 250 3952 rebus
278 3881 486 3970 patefecit,
519 3883 653 3948 modos
683 3881 984 3948 exercitationis
1013 3879 1214 3947 distinxit.
1244 3933 1249 3943 .

132 4015 175 4060 ea
211 3991 393 4078 denique,
435 4011 532 4078 quae
569 3989 614 4056 de
656 3989 997 4076 perturbationum
1040 3989 1251 4076 opperirier

132 4100 251 4167 dubia
286 4106 388 4182 suut,
420 4097 631 4184 aperienda
664 4097 983 4184 explansudaque
1015 4095 1163 4164 saluit.⁸
1213 4095 1286 4162 Non

134 4231 235 4294 parva
257 4227 318 4274 uec
342 4207 493 4292 vulgaria
523 4207 608 4272 bona
633 4205 680 4270 ait
702 4227 762 4270 uos
791 4227 829 4270 ex
861 4228 978 4272 euusae
1006 4205 1288 4292 perturbationum

134 4315 322 4384 bisantione
345 4338 405 4382 nos
429 4339 500 4380 esse
528 4317 770 4382 consecuturos.
816 4311 901 4378 Nam
925 4313 1014 4400 inde,
1041 4314 1118 4400 quid
1148 4315 1190 4378 sit
1215 4337 1289 4377 ιυιι-

135 4425 302 4492 renienter
328 4429 466 4492 naturae
491 4423 613 4506 rivere,
641 4423 773 4508 penitus
800 4421 1033 4509 irrtellegimus.
1078 4419 1179 4488 Cuius
1204 4423 1289 4488 enim

1023 4529 1075 4584 28⁰
