2966 5012
680 303 878 368 ..g-

201 469 333 558 gantius
360 489 457 555 quam
486 465 566 532 olim
594 466 718 532 factum
747 469 830 548 erat,
857 467 928 547 arat,
956 463 986 530 si
1012 461 1069 549 qni
1097 466 1192 528 eraut
1213 459 1366 528 nondum

202 577 302 662 versi,
333 579 404 642 tum
434 573 576 660 primum
607 573 642 639 in
668 572 808 638 latinum
837 576 1016 655 uerterent,
1048 571 1192 638 Thomas
1221 569 1367 636 Linacer

202 682 497 770 Cantabrigieusis,
512 682 668 748 Erasinus
682 680 930 763 Iloterodarnus,
945 679 1126 744 Guilelmus
1142 679 1252 764 Cupns
1265 677 1365 742 Basi-

202 791 335 876 leensis,
354 789 552 856 Guiutlrcrus
568 789 788 872 tracta-naeus,
802 787 901 853 Ianus
917 785 1094 852 Cornelius
1109 784 1366 867 Zuiccaricusis,

201 899 341 966 Iomanes
356 897 455 964 Caius
469 895 647 963 Britannus
663 896 783 980 aliique
791 893 839 982 ¹⁵),
853 916 991 981 quorum
1006 915 1106 980 opera
1121 893 1243 980 insigni
1258 893 1365 958 etiam

201 1006 259 1093 iis,
281 1004 337 1092 qui
361 1025 497 1092 graecae
520 1003 652 1088 linguae
671 1003 779 1090 ignari
803 1008 909 1086 erant,
932 1003 1042 1088 imago
1062 1003 1180 1068 saltem
1200 1023 1276 1066 vero
1296 1001 1366 1065 tia-

175 1099 277 1180 ¹leno
305 1134 403 1199 quam
431 1111 581 1196 proxima
608 1110 780 1195 proposita
810 1117 868 1176 est.
918 1109 1043 1176 Deinde
1075 1108 1235 1175 Galerium
1266 1109 1367 1192 quasi

204 1225 352 1288 retiatum
376 1217 620 1286 commentariis
643 1218 744 1282 uariis
768 1217 1029 1300 illustraverunt,
1053 1217 1183 1283 scholas
1206 1215 1245 1280 de
1266 1214 1367 1280 libris

203 1328 273 1394 eius
297 1327 497 1408 balmcruut,
520 1347 653 1409 prorsus
672 1325 755 1390 nibil
776 1326 1081 1408 praetermiserunt,
1104 1324 1182 1409 quin
1207 1325 1286 1406 eius,
1304 1324 1365 1406 qui

204 1457 278 1502 cum
301 1433 504 1519 Hippocrate
527 1431 562 1497 in
582 1431 760 1498 medicinae
782 1440 852 1497 arte
872 1433 1129 1518 perfectissimus
1153 1431 1368 1512 iculicaretur,

143 1581 146 1588 =
204 1543 327 1628 scripta
351 1540 583 1608 collustrarent
606 1545 638 1604 et
661 1541 892 1626 pervulgarent
902 1539 948 1628 ¹⁶).
994 1541 1045 1607 Ex
1068 1564 1106 1606 eo
1129 1543 1252 1622 autem,
1275 1537 1367 1622 qnod

204 1649 321 1716 medici
350 1655 382 1713 et
413 1647 501 1712 docti
526 1647 684 1712 tiulenum
713 1656 747 1711 et
771 1649 1007 1734 Hippocratem
1037 1653 1129 1714 tauto
1157 1646 1266 1712 studio
1294 1666 1367 1710 arn·

204 1757 305 1844 plecti
322 1764 510 1842 coeperant,
533 1754 651 1839 duplex
670 1755 704 1820 in
723 1763 826 1822 arteni
848 1756 1007 1822 medicam
1026 1754 1231 1822 commodum
1248 1751 1368 1818 redun-

204 1864 309 1946 davit,
339 1885 453 1946 umuu,
482 1861 569 1946 quod
596 1861 709 1946 iugum
738 1865 884 1928 Arabum
916 1885 1086 1928 excussum
1119 1869 1182 1946 est,
1214 1861 1371 1941 alterum,

205 1969 291 2058 quud
315 1995 334 2036 a
358 1969 491 2036 Graecis
519 1968 702 2035 didicerunt
729 1993 793 2035 nou
823 1993 862 2036 ex
891 1970 1006 2034 alienis
1034 1970 1211 2054 pendentes
1235 1975 1369 2032 sciaten-

205 2079 276 2163 tiis,
299 2079 355 2143 sed
377 2101 436 2144 suo
455 2076 575 2142 iudicio
594 2085 719 2142 stantes
743 2077 784 2142 ad
804 2077 1066 2162 irmestiapuulam
1086 2099 1193 2143 rerum
1212 2081 1369 2141 naturam

205 2185 367 2252 accedere.
407 2184 452 2250 Et
476 2187 589 2251 contra
611 2183 738 2249 Arabes
761 2185 892 2268 quidem
916 2207 1049 2270 eosque,
1072 2185 1129 2270 qui
1151 2185 1193 2250 iis
1218 2183 1369 2267 adstipu-

206 2292 372 2374 labantur,
396 2291 518 2360 bellum
542 2293 736 2358 acerrimum
760 2301 868 2356 ortum
893 2297 955 2376 est3
978 2315 1055 2358 nam
1079 2292 1277 2358 resistebant
1300 2293 1370 2356 t'or-

206 2399 333 2466 tissime
356 2421 415 2464 nec
438 2399 536 2464 facilc
560 2405 630 2464 erat
653 2400 756 2484 gradu
776 2421 830 2464 cos
854 2398 1031 2483 depellere,
1054 2398 1087 2464 id
1112 2399 1197 2484 quod
1221 2399 1272 2463 rel
1296 2399 1370 2464 clitr-

208 2507 348 2574 turuitas
375 2507 454 2572 belli
482 2506 590 2590 ducet,
619 2508 706 2592 quud
731 2529 772 2571 ne
801 2512 893 2572 sexto
922 2505 1052 2592 quidem
1078 2507 1204 2574 decimo
1234 2509 1370 2574 saeculo

207 2637 341 2701 prorsus
365 2613 548 2680 coniectum
576 2626 635 2679 est.
681 2613 742 2690 uui
772 2624 881 2679 autem
910 2614 1021 2680 statim
1054 2616 1095 2681 ab
1123 2615 1182 2680 illa
1210 2623 1373 2702 tempore,

208 2745 272 2809 quo
294 2734 440 2787 ueterum
460 2721 569 2786 studia
587 2721 841 2806 revirescebant,
865 2745 939 2786 cum
960 2721 1092 2787 (tr-necis
1111 2728 1224 2790 eontra
1242 2724 1372 2788 Arabes

209 2829 374 2895 faciebant
403 2828 521 2894 medici
552 2833 583 2894 et
614 2828 759 2914 physici,
788 2829 812 2894 ii
843 2853 909 2896 uon
939 2831 1046 2894 miuus
1078 2831 1139 2896 sub
1168 2829 1371 2898 Graecorum

209 2935 466 3003 dominationem
498 2957 569 3002 sese
602 2937 750 3002 saincere
783 2961 879 3021 claram
913 2937 1092 3003 aduersarii
1126 2939 1186 3003 sub
1219 2939 1371 3004 Aralnmr

209 3043 466 3110 dominationem
498 3065 531 3108 se
565 3044 771 3110 subiecerant
801 3045 1004 3110 ridebantur.
1057 3043 1144 3110 Nam
1177 3043 1372 3130 disciplinas

210 3149 383 3236 plurimas,
406 3153 443 3216 ut
467 3151 668 3217 anatomiam
693 3161 724 3216 ct
744 3151 1003 3237 physiologiam,
1027 3153 1067 3217 ad
1088 3153 1298 3238 liraecorum,
1321 3153 1371 3218 in-

211 3255 326 3343 primis
347 3257 463 3324 calari
486 3259 667 3324 doctrinam
688 3282 820 3344 prorsus
836 3259 1129 3326 accommodabant
1149 3261 1224 3326 etsi
1241 3261 1372 3346 squalido

286 3452 319 3520 ¹⁵)
345 3452 450 3508 Haeret
468 3451 487 3509 l.
507 3451 525 3508 l.
546 3458 576 3518 §.t
596 3459 756 3508 acta-sar.
794 3453 891 3508 Claud.
911 3453 1011 3510 ualent
1030 3454 1123 3525 Opera
1147 3456 1242 3511 carnia
1265 3455 1295 3512 in
1320 3457 1372 3512 lat.

212 3559 293 3599 term.
313 3558 447 3598 conrcrm
465 3560 498 3598 ex
520 3543 557 3599 lll
577 3541 654 3598 oruc.
675 3543 695 3598 F
699 3542 866 3598 robeniauac
886 3543 1009 3600 editione
1028 3544 1112 3600 Basil.
1127 3543 1260 3601 notun
1278 3545 1372 3602 Praei.

213 3631 295 3688 Com.
315 3631 438 3688 Gesncri.

289 3721 319 3792 ¹⁰)
339 3719 512 3792 Darembcrg
535 3721 564 3778 in
583 3721 679 3780 Praei?
698 3731 819 3795 ttpenun
840 3723 960 3778 Uolusii
979 3741 1005 3794 p.
1026 3723 1104 3792 l'lll,
1128 3725 1177 3780 nbi
1201 3725 1236 3782 cle
1259 3729 1374 3782 nostrae

212 3811 314 3868 uelatis
329 3809 517 3868 contemtione
533 3810 703 3868 medicorum
719 3817 888 3868 tuaeeonrm
902 3815 1091 3884 conqueritur.
1105 3813 1175 3869 haee
1189 3814 1272 3870 dicit:
1289 3815 1373 3871 ‘blais

213 3917 268 3972 quc
287 3915 357 3956 auru
371 3915 491 3956 commea
505 3898 564 3956 loin
578 3899 614 3956 de
630 3907 703 3960 cette
719 3905 840 3974 epoqne.
859 3905 894 3958 ob
914 3903 954 3958 les
969 3921 1085 3959 ocurrer
1100 3904 1253 3974 eompletes
1269 3903 1304 3958 dc
1319 3905 1371 3960 Ga·

214 3987 270 4046 lien
289 3989 474 4060 comptaieut,
494 4007 528 4046 en
543 4007 620 4060 gree,
639 3992 711 4048 deus
732 3992 852 4048 editions
871 3997 887 4048 u
906 3993 1041 4062 quelques
1059 3996 1163 4048 annees
1182 3994 1217 4049 dc
1237 3993 1372 4060 distance,

216 4083 245 4136 ct
264 4095 299 4134 eu
318 4077 397 4147 lutiu,
416 4077 462 4134 dix
482 4079 602 4136 editions
622 4081 688 4138 cher
708 4081 747 4138 les
765 4083 859 4152 laute,
879 4082 948 4138 trois
967 4083 1034 4140 elrez
1053 4083 1171 4149 Frolreu,
1189 4087 1219 4137 et
1237 4083 1375 4154 plurimus

215 4183 314 4226 encore
336 4167 401 4224 cher
420 4167 542 4226 d'uutres
562 4169 750 4240 imprimetur:
775 4174 810 4227 ou
835 4171 874 4226 les
897 4172 1018 4228 editions
1042 4173 1242 4244 d'llippocrato
1266 4172 1375 4228 etaient

215 4257 386 4330 nataltipllces
406 4261 421 4312 u
442 4257 553 4322 l'inlluir
578 4262 613 4314 ou
639 4258 678 4316 lcr
696 4261 808 4316 ariciens
828 4263 935 4317 etaient
954 4261 996 4317 lus
1016 4267 1045 4320 et
1064 4263 1172 4319 etudiea
1191 4279 1243 4333 par
1260 4262 1302 4318 lea
1316 4263 1375 4318 md·

215 4346 310 4404 dccinr
329 4364 436 4405 conum
457 4345 497 4402 lea
516 4345 668 4418 classiques
686 4365 736 4422 par
755 4347 795 4404 les
814 4349 945 4404 cruditsl’
