2942 5008
709 355 932 424 „30-

244 543 274 606 p.
296 519 359 587 184
377 515 421 606 E)
444 518 492 584 sic
515 517 655 584 effinxit:
677 513 789 603 θερμὰ
812 514 869 582 καὶ
892 509 1020 603 σκληρὰ
1038 515 1093 582 καλ
1114 517 1228 602 κοῦφα
1240 517 1305 604 ,καλ
1332 525 1412 604 ylo

242 627 318 710 xic,
345 621 391 694 δι’
416 615 466 694 οἷν
492 621 660 713 αι’σθάνμ,
691 614 746 710 ἀρ’
772 619 897 692 αὐτοῦ
924 622 1079 712 σώματος
1104 623 1226 692 ἕκαστα
1255 630 1361 711 τίθης
1394 621 1413 712 ἢ

242 731 349 804 ἄλλου
371 731 476 814 τινόςς
506 734 675 801 liuchuius
700 756 776 800 vern
803 721 858 818 ἀρ’
884 727 1009 800 αὐτοῦ
1032 735 1102 799 τοῦ
1126 731 1283 820 σώματος
1304 737 1414 802 edidit

244 845 396 912 ruendum
419 843 559 909 Aldinae
582 849 738 928 tunquam
762 843 968 909 confirmans.
1015 842 1062 906 nt
1087 841 1168 907 illud
1196 837 1306 909 αὐτοῦ
1334 869 1412 911 con·

243 951 359 1018 flatum
382 956 494 1017 estex
518 943 560 1016 οὐ
583 955 618 1016 el
639 951 716 1031 τοῦ,
744 972 828 1035 quoe
855 949 991 1018 voculae
1019 947 1054 1014 iu
1077 948 1111 1014 Μ
1137 955 1226 1016 recte
1250 974 1411 1036 separan-

202 1120 207 1128 .
241 1065 304 1128 tur.
348 1059 566 1126 Restituimus
593 1059 697 1144 igilur
723 1046 782 1139 ἆρ’
813 1051 859 1124 οὐ
886 1057 949 1123 τοῦ
976 1075 1007 1122 σ.
1033 1081 1062 1124 τι.
1090 1081 1118 1124 τ.
1143 1061 1173 1122 λ.
1218 1057 1268 1125 Ur
1295 1067 1411 1126 cutem

181 1148 188 1156 ⁹
240 1167 305 1236 hoc
328 1168 513 1252 exemplum
535 1167 647 1234 docuit
670 1166 822 1232 mendum
843 1187 956 1250 parere
980 1165 1147 1248 mendum,
1169 1166 1217 1232 sic
1242 1169 1349 1234 ctiam
1377 1171 1414 1234 il-

241 1275 298 1342 lud
321 1275 429 1360 docet,
456 1275 540 1360 quod
569 1273 690 1361 legitur
714 1295 744 1358 p.
768 1275 833 1340 llll
857 1279 949 1358 culn,
977 1273 1034 1338 ubi
1058 1273 1102 1338 A:
1130 1269 1187 1338 διὰ
1218 1269 1320 1340 τοῦθ’
1343 1271 1412 1342 Ἰτ-

242 1379 409 1468 ετοκοάτης
432 1381 469 1448 έν
491 1385 537 1472 τῷ
556 1381 630 1467 περὶ
654 1379 777 1466 φύσιος
800 1374 987 1465 ἀνθρώπου
1006 1377 1069 1465 τὴν
1087 1379 1123 1446 ἐκ
1141 1382 1210 1447 τῶν
1228 1389 1412 1468 στοιχείων

242 1490 366 1558 ἕνωσιν
389 1485 548 1556 ἁπάντων
566 1491 634 1555 τῶν
652 1489 806 1572 φυσικῶν
826 1483 991 1571 σωμάτων
1009 1485 1130 1574 κοινὴν
1152 1486 1276 1556 εἰπών
1300 1485 1412 1574 ὑπάρ-

242 1623 314 1685 χειν
337 1597 375 1678 ἐξ
401 1586 443 1684 ἧς
470 1595 521 1662 ἐπὶ
545 1593 699 1682 τὴντῶν
728 1593 821 1686 ζῴων
843 1595 962 1680 μετέβη
987 1621 1015 1662 κ.
1038 1622 1065 1662 τ.
1088 1602 1132 1664 λα
1161 1597 1337 1664 liuehnius
1365 1601 1412 1664 lo-

243 1731 316 1774 cum
344 1708 391 1773 iia
419 1705 657 1772 restituendum
685 1728 755 1770 esse
781 1707 924 1790 putauit,
952 1715 990 1770 ut
1013 1704 1117 1772 εἰπών
1145 1707 1178 1770 in
1204 1700 1273 1772 εἶπε
1298 1714 1410 1772 muta-

242 1821 340 1884 retur.
385 1814 472 1900 Legc
496 1836 555 1898 pro
585 1811 618 1891 ἐξ
643 1801 680 1896 ἧς
703 1835 776 1878 curn
801 1812 869 1878 cod.
893 1812 927 1877 Μ
952 1810 1037 1896 illis:
1065 1815 1132 1878 iam
1156 1813 1242 1879 nihil
1266 1815 1307 1880 ad
1334 1839 1409 1882 scn-

160 1933 164 1938 '
241 1924 364 1988 tentiae
388 1922 612 2008 iutegritatem
637 1919 847 1986 desiderabis.
888 1921 1002 1986 Multis
1026 1921 1129 2008 igitur
1155 1921 1261 1987 modis
1288 1931 1409 1990 contro

242 2029 515 2116 orthographiam
534 2029 568 2094 in
587 2029 709 2094 Aldina
728 2035 898 2112 peccatum
918 2051 988 2094 esse
1009 2029 1109 2094 variis
1133 2029 1292 2114 exemplis
1316 2053 1409 2097 cour-

242 2139 417 2224 probalum
441 2141 499 2202 cst.

330 2245 426 2312 Nunc
449 2245 544 2310 renio
574 2243 778 2308 adulterum
805 2265 908 2330 genus
931 2244 1137 2330 mendorum,
1165 2244 1252 2330 quod
1281 2267 1408 2310 ceonr-

233 2355 361 2440 pcndiis
383 2353 637 2420 lernrinotiorunn
662 2373 825 2436 μνιμιίτιυι
852 2353 1010 2418 irrlcllcdis
1038 2358 1146 2418 ιιολιιιιι
1169 2359 1224 2430 cst,
1254 2377 1319 2439 quo
1350 2354 1407 2419 sl.

240 2463 318 2529 dina
344 2483 543 2548 quamquam
573 2461 680 2526 minus
711 2481 809 2545 saepe
840 2481 938 2544 quom
968 2460 1015 2544 Μ,
1046 2464 1156 2526 tamen
1185 2482 1252 2527 non
1283 2483 1405 2545 porum

240 2591 337 2655 saepe
361 2568 601 2637 commaculata
629 2572 688 2632 est.
733 2567 784 2632 Nc
813 2567 865 2632 hic
889 2567 1020 2653 quidem
1049 2568 1114 2632 ulia
1139 2568 1296 2654 colligere
1319 2569 1404 2634 libel

239 2699 338 2763 quum
366 2700 419 2761 eu,
449 2699 586 2762 quorum
617 2673 758 2758 vestigia
788 2674 823 2740 in
853 2675 970 2739 ceteris
1000 2675 1199 2742 editionibus
1229 2683 1405 2760 apparent.

240 2786 362 2872 Atque,
391 2788 428 2850 ul
456 2807 474 2850 a
497 2783 696 2851 Nominibus
724 2782 828 2866 iisque
857 2782 1039 2866 vocabulis,
1067 2805 1150 2868 quac
1178 2784 1312 2849 casibus
1343 2787 1404 2850 iur-

239 2897 421 2976 muleulur,
445 2891 568 2974 ordior,
590 2891 643 2956 his
668 2895 744 2954 suni
763 2889 869 2954 exilus
891 2889 997 2972 provi:
1021 2913 1051 2974 p.
1071 2891 1135 2956 ‘281
1160 2897 1236 2976 post
1259 2893 1346 2958 med.
1371 2894 1408 2958 οἱ

238 2997 507 3086 μνημονεύοντες
525 2999 593 3064 τῶν
612 2994 799 3081 εἰρημένων
819 2995 855 3060 ἐν
869 2997 914 3085 τῷ
930 2995 1072 3084 ὸευτέρςο
1088 2995 1177 3088 λόγῳ
1193 2995 1403 3082 γιγνώσκοι·-

238 3125 295 3174 σιν
320 3103 404 3194 ἡμᾶς
426 3103 462 3172 τὸ
488 3102 629 3190 ἰσχυρόν
651 3128 684 3170 τε
709 3103 762 3169 καὶ
787 3115 947 3188 γενναῖον
973 3092 1022 3170 ὦν
1045 3099 1062 3170 ὁ
1087 3103 1284 3190 Χρύσιππος
1309 3102 1405 3173 εἶπεν

238 3209 485 3298 ἀνατρέποντας
509 3209 671 3288 έάσαυτιὶς
693 3236 728 3278 τε
750 3209 794 3277 τὰ
819 3207 1068 3278 ἀσθενέστατοι
1093 3211 1320 3279 έπιὸεικυύειν
1343 3209 1402 3280 αὐ-

237 3323 299 3390 τοῦ
321 3319 360 3389 τὰ
385 3318 571 3408 σφάλματα.
616 3319 692 3386 Non
721 3315 760 3384 τὰ
789 3313 1015 3385 ἀσθενέστατα
1043 3320 1075 3386 lr.
1099 3321 1119 3386 l.
1148 3322 1247 3388 scribi
1276 3322 1402 3395 debuit.

239 3431 294 3496 sed
317 3425 359 3497 τὸ
384 3424 672 3496 ἀσθενέστατον.
696 3427 781 3513 quod
802 3432 834 3493 et
859 3429 980 3492 codicis
1000 3428 1034 3495 ll
1054 3431 1252 3496 auctoritate
1272 3435 1307 3495 et
1325 3454 1402 3498 cou-

238 3540 338 3605 traric
360 3539 537 3605 relatorum
558 3537 732 3602 verborum
751 3530 787 3600 τὸ
808 3533 948 3618 ἰσχυρόν
967 3559 999 3600 τε
1019 3534 1072 3600 καὶ
1094 3548 1254 3620 γενναῖον
1268 3539 1401 3605 talione

236 3647 492 3713 commendabo.
529 3645 564 3713 P.
588 3645 653 3712 316
678 3647 753 3710 anic
778 3644 860 3708 med.
883 3643 969 3709 falso
993 3645 1152 3729 scriptum
1176 3667 1246 3710 csse
1270 3639 1311 3712 τὸ
1335 3643 1402 3732 μὲν

236 3747 401 3838 ἆκάρὸιον
425 3751 462 3818 έν
486 3761 547 3843 ῐσῳ
571 3753 615 3842 τῷ
640 3747 755 3816 ὸειλόν
773 3787 816 3796 —·
836 3743 1012 3836 ὀνομάζων
1036 3775 1095 3838 pro
1118 3747 1187 3818 τὸν
1209 3749 1273 3838 μὲν
1295 3747 1401 3838 ἀκάμ-

239 3861 316 3926 ὁιον
339 3861 390 3926 vel
415 3884 432 3926 c
456 3865 608 3928 contextu
633 3859 791 3924 orationis
813 3863 917 3943 polet,
941 3859 1071 3924 etiarnsi
1091 3883 1168 3926 roro
1187 3860 1284 3927 lectio
1302 3865 1401 3944 ‚toni-

237 3969 347 4036 monio
372 3968 493 4034 codicis
517 3968 551 4034 Μ
575 3991 642 4034 nou
665 3967 942 4053 comprobaretur.
984 3966 1020 4032 P.
1038 3969 1104 4032 Μ’.)
1128 3975 1208 4034 extr.
1231 3969 1305 4054 quis
1330 3992 1399 4034 ore·

236 4075 293 4140 dat
316 4082 403 4140 recle
433 4099 467 4140 se
494 4075 616 4142 habere
646 4069 687 4142 ori
715 4069 778 4158 γὰρ
803 4068 848 4139 ὁι’
875 4068 957 4141 αὐτὸ
984 4074 1128 4160 λέγομεν
1155 4069 1279 4152 αὐτοὺς
1307 4073 1399 4142 ἑαυ-

235 4193 319 4259 τοῖς
348 4181 409 4260 ἔξω
440 4181 681 4266 καθεστηκέναι
713 4181 765 4247 καὶ
798 4177 842 4266 μὴ
875 4181 912 4246 ἐν
943 4181 1074 4260 ἑαυτοῖς
1103 4177 1205 4255 εἶναι,
1239 4181 1326 4250 διότι
1357 4181 1396 4252 τὸ

235 4285 435 4374 βιαζόμενον
458 4285 582 4368 αὐτοὺς
605 4285 714 4374 ὁρμᾶν
737 4285 819 4355 κατὰ
843 4285 879 4356 τὸ
904 4287 1015 4367 πάθος
1038 4291 1166 4369 ε’ξωθέν
1189 4289 1296 4358 ἔστιν.
1320 4286 1394 4359 ἀλλ’

235 4391 286 4464 ὅτι
309 4393 398 4481 παρὰ
422 4394 529 4480 φύσιν
552 4397 709 4482 ε”χουσινλ
746 4398 781 4464 Μ
799 4399 976 4486 vestigium
1000 4421 1096 4464 verne
1119 4399 1271 4466 lectionis
1295 4401 1397 4468 habet
