2980 5020
684 360 725 370 -
774 294 929 390 305'..

230 487 315 565 στῶς
342 481 360 554 ό
384 482 603 571 Ἱπποκράτης
631 487 695 570 ἔφη
725 484 840 551 ’τοῦτο
866 481 944 568 μέν,
973 477 1087 568 ἐπειδὴ
1117 483 1252 548 δίκαιον
1280 483 1385 568 έχουσι

230 591 268 662 τὸ
292 595 386 680 σῶμα
411 596 447 662 σί
471 590 672 678 ἀνθρωποι.·’
718 592 877 678 μέγιστον
905 588 969 676 γάρ
1003 590 1069 657 ἐστι
1101 602 1242 674 σημείου
1272 592 1329 676 τι“,ς
1356 588 1388 654 εἰ·

230 713 301 781 τοῖς
323 706 456 788 μορίοις
479 697 698 786 δικαιοσύνης
720 699 775 766 καί
807 695 824 784 ip
849 699 911 766 τοῦ
939 695 1107 785 σχήματος
1129 692 1290 784 ὁμοιότης
1313 695 1332 784 ἦ
1357 721 1387 762 τε

230 811 289 895 τῆς
318 805 443 896 χώρας,
476 803 559 875 καθ’
589 802 630 874 ἐν
662 803 820 893 ἐμφύεται
853 803 893 874 τά
922 812 997 892 τρία
1021 807 1125 874 ταῦτα
1154 800 1302 890 ὄργανα,
1331 801 1388 890 την

205 917 340 1003 optatio
363 916 524 1004 λέγωκαὶ
548 913 610 1000 την
630 909 794 1001 ἀρτηρίαν
816 913 870 982 καί
894 911 932 982 τὸ
956 915 1090 998 νεῦρον,
1115 912 1152 979 έν
1177 910 1305 1002 ἑκάστῳ
1326 915 1389 979 τῶν

232 1027 344 1113 μυῶν,
375 1020 393 1111 ι’]
424 1023 460 1092 dt
483 1026 542 1109 της
566 1023 602 1090 έυ
626 1017 741 1100 αὐτοῖς
765 1022 907 1108 σχέσεως
931 1019 1126 1106 ἐναντιότης
1156 1017 1198 1088 ori
1224 1017 1386 1088 δικαιοσύ-

167 1150 221 1207 787
233 1158 298 1219 νην
319 1139 323 1220 Ι
344 1129 453 1219 μόνον
473 1131 510 1198 ἐν
528 1156 567 1218 τη
588 1132 772 1218 κατασκευῇ
794 1127 1022 1216 τοῦσώματος
1041 1128 1250 1197 ἐνδείκνυται
1268 1132 1387 1216 σαρῶς.

234 1235 318 1308 ἀλλὰ
341 1239 396 1308 καὶ
417 1237 562 1325 δύναμιν
582 1235 690 1324 ἀκραν
713 1242 773 1307 τοῦ
797 1235 1107 1316 κατασκευάσαντος
1127 1233 1209 1306 αι’τὸ
1233 1235 1272 1306 τὸ
1293 1240 1387 1324 σῶμα.

232 1344 313 1428 τοὺς
345 1346 409 1434 γάρ
438 1373 490 1416 τοι
515 1346 661 1426 σκοποὺς
689 1347 746 1433 τῆς
774 1347 978 1430 κατασκευης
1005 1342 1065 1412 ἐὰν
1089 1339 1297 1434 ἀριθμησης,
1324 1339 1384 1414 εἶθ’

194 1479 221 1519 το
235 1456 376 1524 ἕκαστον
400 1451 513 1523 αὐτῶν
541 1451 641 1543 sopp
668 1453 955 1540 κατωρθωμένον,
984 1453 1134 1540 ἐναργῶς
1162 1473 1215 1522 σοι
1240 1467 1384 1540 φανεῖται

232 1560 270 1631 τὸ
305 1563 449 1648 μέγεθος
482 1558 603 1635 αὐτοῦ,
636 1562 719 1648 φημί
755 1563 816 1628 τοτ’·
849 1563 1070 1648 δημιουργοῦ.
1120 1557 1163 1629 οὐ
1191 1559 1256 1648 γὰρ
1284 1558 1386 1638 ἀπίῶς

234 1665 358 1753 οὕτως,
391 1665 436 1749 ῶς
468 1665 512 1737 ἀν
549 1665 678 1756 ἀμελῶς
709 1695 759 1746 τις
792 1667 1000 1755 ἐννοήσειεν,
1035 1666 1221 1755 ι’σιίριθρόυ
1254 1670 1319 1736 ἐστι
1350 1665 1383 1734 τὸ

233 1779 364 1863 πλῆθος
387 1778 456 1844 τῶν
479 1773 588 1845 ὀστῶν
611 1777 666 1844 καὶ
690 1779 759 1844 τῶν
788 1777 885 1863 μυῶν
908 1791 978 1855 τοῖς
1008 1772 1120 1856 ὀστοῖς
1142 1803 1176 1846 τε
1199 1777 1255 1844 καὶ
1279 1782 1384 1864 μυσίυ.

234 1879 318 1952 ἀλλά
341 1883 397 1951 καὶ
416 1887 484 1952 τῶν
503 1881 725 1972 ὑπαρχόντων
744 1879 871 1964 αὐτοῖς,
894 1885 1061 1971 μεγέθους
1084 1885 1169 1971 λέγω
1194 1885 1249 1954 καὶ
1269 1886 1386 1962 θέσεως

197 1991 291 2060 ιοκαί
316 1992 508 2072 συνθέσεως
530 1992 585 2060 καί
614 1987 765 2080 ἀριθμοῦ
793 1991 848 2060 καὶ
877 1993 1043 2080 σχήματος
1070 1989 1150 2078 ὅλης
1176 2018 1211 2062 τε
1238 1995 1296 2080 τῆς
1320 1997 1383 2059 δια-

234 2097 401 2184 πλάσεως,
431 2096 514 2185 ἅπερ
543 2099 598 2168 καί
627 2099 710 2167 κατὰ
738 2099 797 2179 τὰς
825 2095 985 2186 ἀρτηρίας
1016 2099 1069 2167 καί
1102 2099 1162 2180 τὰς
1189 2103 1311 2187 φλέβας
1333 2098 1382 2166 καί

277 2313 348 2370 1Ηί
349 2331 446 2385 ppocr.
466 2315 500 2369 de
520 2313 599 2369 artic.
619 2315 674 2370 vol.
696 2315 748 2376 It',
767 2333 794 2384 p.
817 2315 921 2381 102L3
945 2313 980 2369 cf.
1000 2331 1130 2386 suprap.
1151 2321 1217 2386 755
1235 2324 1308 2372 6.-
1328 2311 1383 2370 ixei

237 2385 319 2443 codd.
339 2387 459 2441 edd-
490 2381 622 2441 4καθ’
620 2407 652 2441 εν
672 2385 812 2442 tlassch
831 2381 902 2440 καθ
924 2379 1060 2455 ινΰοτο.
1082 2385 1167 2442 Κ.-
1194 2382 1248 2458 6η
1266 2407 1292 2444 τε
1312 2385 1383 2442 codd

238 2459 300 2516 edd.
305 2453 399 2546 ἡδο
431 2475 489 2515 noa
517 2489 548 2500 -
583 2465 615 2514 10
644 2451 739 2526 εὕροις
765 2457 964 2514 MABCh-
993 2455 1216 2530 κατορθῶμενον
1231 2409 1332 2516 ηΜΑΒ.
1355 2489 1382 2498 -

240 2525 494 2602 12ῶςάκτιςρ.
515 2561 547 2570 -

238 2671 453 2682 .-—-——-——=-

239 2749 333 2817 Unde
373 2748 613 2816 admirabiliter
646 2747 769 2814 dietum
808 2749 849 2814 ab
882 2749 1086 2838 Hippocrate
1124 2759 1190 2820 est:
1236 2752 1384 2820 ‘Partim

238 2879 323 2924 cum
363 2858 510 2923 iustum
550 2855 722 2922 habeant
765 2877 905 2942 corpus
954 2858 1152 2926 homines?
1218 2861 1383 2928 Maximum

237 2965 324 3032 enim
352 2964 498 3030 iustitiae
527 2965 749 3032 membrorum
779 2965 934 3031 indicium
958 2971 1008 3031 ost
1032 2969 1101 3032 tum
1131 2969 1255 3056 figurae
1284 2966 1384 3034 simili·

236 3073 330 3158 tudo,
358 3078 429 3138 tum
458 3073 537 3158 loci,
565 3073 620 3138 ubi
650 3073 714 3138 tria
745 3073 824 3140 haee
853 3074 1090 3162 instrumenta,
1118 3100 1236 3144 renam
1266 3080 1333 3146 dico
1359 3091 1384 3140 et

238 3179 394 3246 arteriam
423 3185 456 3246 et
484 3203 635 3266 nervum,
663 3181 697 3246 in
727 3181 865 3268 singulis
901 3183 1059 3250 musculis
1092 3184 1291 3272 inseruntu13
1321 3207 1383 3252 coa·

238 3287 342 3354 traria
372 3309 450 3354 vero
480 3287 613 3354 habitus
638 3288 724 3354 inter
752 3289 824 3375 ipsa
856 3291 942 3356 ratio
973 3311 1041 3356 non
1074 3295 1203 3358 tanturn
1237 3293 1384 3361 iustitiam

237 3396 272 3463 in
296 3395 443 3481 corporis
467 3395 608 3480 fabrica,
640 3417 753 3462 rerum
787 3397 887 3464 otiam
922 3421 1085 3465 summam
1108 3402 1291 3486 potentiam
1318 3401 1386 3464 eius.

237 3505 293 3592 qui
318 3525 436 3590 corpus
466 3503 573 3590 ipsum
602 3503 783 3570 fabricatus
813 3512 876 3588 est,
907 3505 1084 3574 manifesto
1112 3507 1267 3575 declarat.
1310 3507 1384 3574 Nam

238 3611 266 3678 si
290 3635 339 3696 ea,
362 3635 444 3698 quae
469 3615 595 3698 spectat
620 3611 755 3696 fabrica,
779 3612 959 3700 collegeris,
989 3615 1104 3680 deinde
1135 3615 1266 3704 singula
1288 3613 1384 3684 omnio

239 3719 383 3807 perfecta
421 3725 455 3786 et
487 3721 640 3787 absoluta
677 3721 855 3806 inveneriS,
893 3721 1059 3788 evidenter
1095 3724 1287 3812 magnitudo
1318 3721 1386 3789 eius.

238 3829 366 3916 opificis
406 3829 494 3914 dico,
532 3829 594 3896 tibi
632 3828 814 3914 apparebit.
860 3829 973 3918 Neque
1006 3832 1093 3900 onim
1122 3833 1169 3899 sic
1197 3831 1387 3918 simpliciter,

239 3939 277 4002 ut
318 3937 438 4022 aliquis
471 3939 616 4004 animum
655 3959 719 4002 non
754 3943 903 4004 accurate
933 3938 1105 4006 advertens
1129 3947 1246 4025 putare
1286 3935 1386 4024 possit.

241 4045 387 4131 aequalis
415 4067 552 4112 numero
581 4049 631 4112 est
659 4045 783 4112 ossium
812 4054 843 4110 et
871 4046 1095 4114 musculorum
1119 4047 1294 4114 multitudo
1316 4043 1385 4112 ossi·

238 4151 300 4218 bus
324 4157 358 4219 et
380 4153 550 4238 musculis,
584 4155 639 4218 sed
664 4155 764 4219 otiam
790 4156 913 4240 omnia,
946 4177 1028 4242 quae
1053 4155 1094 4220 iis
1118 4154 1245 4237 insunt,
1274 4149 1385 4240 magni·

239 4259 329 4382 tudo,
352 4259 444 4346 situs,
468 4262 674 4348 compositio,
698 4285 861 4346 numerus,
886 4208 930 4326 dr
908 4285 999 4349 gnra,
1024 4267 1095 4330 tota
1117 4263 1255 4352 denique
1274 4259 1386 4330 contor-

241 4371 311 4434 mat
312 4369 343 4434 io
368 4369 486 4436 similis
513 4369 609 4456 plane
634 4371 790 4456 cernitur,
818 4369 852 4436 id
881 4371 1030 4458 quodid
1059 4371 1189 4438 arteriis
1213 4393 1335 4462 quoque
1359 4374 1383 4432 et
