3022 5038
683 304 927 370 -552-

223 463 364 536 ἁπασῶν
386 467 533 552 φλεβῶν,
556 461 667 552 ῶσπερ
691 463 745 532 καὶ
769 460 833 551 τὴν
855 467 1000 550 καρδίαν
1023 463 1172 550 ἐθέμεθα
1194 467 1265 532 τῶν
1287 459 1388 552 torq-

140 605 146 612 ·
223 577 317 662 ριῶν.
362 569 426 641 ὅσα
454 570 519 660 γὰρ
542 567 659 658 ἀγγεῖα
688 573 756 640 τῶν
785 573 818 654 ἐξ
847 571 963 658 έτέρον
985 570 1186 658 πεφυκότων
1209 575 1389 660 ἐκπέφυκε,

222 679 286 769 τὴν
309 677 416 768 αὐτὴν
439 677 548 768 ἀρχὴν
572 681 712 758 ἐκείνοις
739 683 815 767 ἔχει.
860 680 947 750 πολὺ
975 683 1106 768 μᾶλλον
1135 673 1200 748 οὖν
1228 680 1266 750 τδ
1298 671 1387 772 ἧπαρ

222 787 331 877 ἀρχὴν
349 793 417 858 τῶν
436 792 572 876 φλεβῶν
590 789 659 857 έστι
683 789 804 856 θετεόν
829 783 847 876 ἢ
866 787 928 874 τίγν
951 791 1095 874 καρδίαν
1112 791 1183 856 τῶν
1201 785 1388 878 ἀρτηριῶν,

104 917 110 928 “
194 895 308 967 ιδ’σον
341 898 393 966 ἐπὶ
426 909 496 977 τοῖς
526 897 559 978 ἐξ
591 893 762 984 ἀνατομῆς
779 937 780 940 ¹
798 897 1033 984 φαινομένοις,
1066 895 1287 983 ἐναργέστερα
1319 897 1387 986 γὰρ

221 1003 312 1097 αὐτῷ
339 1003 380 1074 τέι
411 1009 468 1091 tie
495 1001 599 1092 ἀρχῆς
630 1001 769 1090 ὑπάρχει
798 1009 1023 1091 γνωρίσματα.
1074 1000 1120 1090 μὴ
1150 1009 1269 1071 τοίνυν
1297 1005 1387 1092 μηδὲ

222 1111 330 1184 έκεῑνό
363 1133 400 1182 σε
433 1113 646 1192 λανθανέτω,
679 1109 730 1178 ότι
763 1109 897 1191 παντως
928 1107 971 1180 ἂν
1004 1115 1150 1196 έσφνζον
1183 1112 1222 1176 αλ
1251 1112 1388 1198 φλέβες,

221 1229 313 1309 εἰπερ
337 1221 373 1290 ἐκ
395 1223 454 1308 τῆς
476 1223 617 1307 καρδίας
640 1217 859 1305 ἐπεφύκεσαν.

306 1325 342 1396 ‘0
363 1327 464 1416 λόγος
487 1326 524 1396 δὲ
544 1323 655 1396 οὐκέτι
678 1353 737 1414 μοι
760 1325 844 1414 πρὸς
860 1323 1120 1414 Ἐρασίστρατον
1145 1321 1164 1414 ἢ
1188 1326 1269 1407 τοὺς
1288 1323 1388 1414 Ἐρα-

181 1443 450 1524 ιοσιστρατειόνς
482 1435 589 1520 ἐστίν,
622 1431 707 1502 ἀλλὰ
739 1431 823 1522 πρὸς
855 1433 934 1515 τοὺς
968 1432 1176 1523 ἡγουμένους
1208 1432 1267 1522 οὐ,
1296 1436 1387 1505 διότι

153 1547 429 1632 ὃσιττλιγροῦυται
451 1539 640 1629 πνεύματος
663 1545 701 1610 ui
721 1537 889 1628 ἀρτηρίαι,
913 1542 970 1612 διὰ
994 1547 1093 1612 τοῦτο
1118 1543 1392 1629 διαξστέλλεσθαί

221 1679 254 1722 τε
277 1652 333 1722 καλ
357 1651 496 1738 σφύζειυ
519 1646 633 1734 αὑτός,
657 1645 752 1726 τἰλλό,
777 1649 864 1720 διότι
884 1655 1140 1721 διαστέλλονταί
1159 1675 1194 1719 τε
1218 1651 1273 1718 καλ
1296 1651 1386 1738 σφό-

222 1767 330 1846 ζοισι,
363 1758 419 1828 διὰ
452 1763 553 1827 τοῦτο
586 1761 811 1846 πληροῦσθαι.
867 1759 987 1828 κοινὸν
1024 1758 1087 1848 μέν
1121 1751 1184 1828 οὖν
1217 1761 1309 1828 τουτί
1344 1759 1385 1830 τὸ

220 1868 331 1958 δόγμα
357 1871 492 1936 πολλῶν
515 1867 553 1934 τέ
578 1866 647 1934 ἐστι
675 1865 729 1934 καλ
759 1870 910 1954 δοκίμων
933 1864 1087 1955 ἀνδρῶν,
1115 1861 1228 1954 ῶσπερ
1258 1893 1295 1954 γε
1324 1869 1382 1936 καλ

182 1999 207 2038 1⁵
222 1975 273 2048 ὅτι
301 1973 364 2063 τὴν
392 1973 540 2062 δύναμιν
568 1974 604 2042 έκ
631 1977 690 2060 τῆς
722 1979 862 2060 καρδίας
890 1977 926 2044 oi
950 1979 1087 2064 χιτῶνες
1120 1979 1187 2044 τῶν
1214 1972 1388 2064 ἀρτηριῶν
1444 2058 1450 2070 ,

220 2087 282 2152 τοῦ
301 2083 557 2152 διαστέλλεσθαι
571 2082 625 2149 καὶ
641 2083 881 2150 συστέλλεσθαι
901 2081 1144 2169 λαμβάνουσιν.
1181 2081 1387 2174 ἀπεσχίσθη-

220 2214 286 2261 σαν
315 2190 351 2260 δὲ
381 2181 445 2258 οὖν
469 2187 530 2258 οὐκ
560 2187 637 2258 οἶδα
666 2187 753 2269 ὅπως
783 2186 896 2259 αιάῶν
924 2191 962 2258 έν
988 2195 1074 2284 τῶδε
1098 2191 1322 2280 Πραξαγόρας
1349 2220 1388 2262 τε

220 2329 432 2340 -—...-——-—

258 2396 274 2446 θ
299 2383 346 2445 εἰιλ
366 2389 415 2457 τῆς
439 2382 469 2454 ἐξ
489 2387 525 2442 λλ.
551 2419 584 2428 -
610 2393 624 2442 7
645 2383 717 2441 διότι
738 2387 819 2442 codd.
839 2387 902 2444 edd.
923 2382 968 2444 δτι
988 2406 1049 2454 nou
1077 2387 1112 2443 ef.
1132 2389 1217 2445 l‘roll.
1237 2409 1264 2460 p.
1284 2397 1328 2446 93.
1348 2423 1384 2432 -

218 2456 455 2592 affirmem
469 2459 583 2528 BChK3
603 2459 638 2515 cf.
654 2459 750 2528 Progr.
767 2460 801 2528 ΙΙ,
818 2468 860 2516 12.
876 2491 909 2502 -
932 2469 964 2516 16
984 2455 1145 2532 ιῖαεοχιόθρ
1160 2462 1188 2518 M
1208 2457 1386 2533 ότιεσχίσθαι

198 2732 417 2802 arteriarum
450 2731 649 2818 principium
683 2731 872 2816 statuimus,
906 2734 954 2800 ita
984 2755 1142 2800 uenarum
1174 2735 1321 2802 omnium
1349 2743 1388 2804 et

219 2839 368 2907 umbilici
401 2843 435 2904 et
467 2839 682 2906 secundarum
715 2839 806 2904 ieeur
839 2845 990 2906 statuere.
1048 2843 1138 2920 Quae
1178 2843 1265 2910 enirn
1302 2867 1385 2912 rasa

220 2971 258 3014 ex
283 2948 334 3032 iis,
357 2969 439 3033 quae
464 2947 506 3012 ab
531 2947 597 3014 alio
620 2953 699 3012 nata
723 2953 814 3032 sunt,
843 2951 1111 3036 proficisemrtur,
1139 2953 1276 3020 eandem
1305 2977 1384 3022 eum

220 3057 287 3122 illis
316 3055 478 3143 originem
507 3054 638 3120 habent».
693 3055 800 3122 Multo
834 3059 941 3144 magis
974 3059 1077 3146 igitur
1104 3061 1195 3126 iecur
1225 3085 1384 3130 venarum

210 3187 320 3250 quam
353 3185 409 3230 eor
438 3161 632 3228 arteriarum
662 3163 859 3248 principium
888 3167 1096 3234 statuendum
1130 3172 1194 3254 est,
1222 3173 1383 3256 quantum

220 3271 261 3338 ad
285 3293 333 3356 ea,
357 3293 440 3356 quae
464 3293 502 3336 ex
527 3271 694 3338 anatomia
723 3273 888 3338 evidentia
919 3281 1008 3358 sunta
1037 3277 1265 3343 manifestiora
1293 3279 1383 3346 enim

219 3379 300 3445 illud
334 3377 488 3464 principii
526 3377 647 3444 indicia
685 3379 794 3444 habet.
855 3381 957 3448 Porro
994 3405 1035 3448 no
1066 3383 1146 3449 illud
1184 3385 1314 3471 quidem
1348 3391 1382 3454 te

219 3487 332 3566 lateat,
357 3509 464 3571 venua,
489 3487 516 3552 si
541 3509 558 3552 e
582 3487 679 3552 eorde
703 3487 864 3574 originem
891 3489 1073 3576 traherent,
1098 3491 1209 3578 utique
1232 3495 1382 3580 pulsatu·

220 3615 275 3660 raa
299 3617 379 3658 esse.

308 3701 385 3766 Jam
410 3725 475 3769 nou
499 3701 654 3768 adversus
677 3701 919 3772 Erasistratum
949 3710 1007 3772 aut
1029 3707 1272 3776 Erasistrateos
1295 3711 1380 3778 mihi

219 3809 400 3894 disputat-io
424 3815 487 3892 est,
516 3809 572 3874 aed
601 3811 756 3876 artveraus
781 3812 870 3898 illua,
898 3815 953 3900 qui
983 3837 1062 3898 uon,
1090 3815 1168 3900 quia
1191 3817 1382 3902 repleantur

220 3915 339 4002 spiritu
368 3917 522 4000 arteriae,
550 3919 622 3984 ideo
651 3919 792 3986 distendi
817 3925 848 3986 et
878 3922 1022 4008 pulsare,
1051 3923 1122 4008 aed,
1149 3923 1228 4008 quir
1255 3925 1380 3996 disten·

219 4023 340 4089 dantur
362 4028 394 4088 et
419 4025 562 4110 pulsent,
588 4025 661 4092 ideo
685 4029 803 4111 repleri
828 4029 1026 4096 existimant.
1072 4033 1162 4108 Quae
1186 4035 1236 4096 est
1259 4033 1380 4102 multo·

220 4153 292 4198 runi
325 4131 568 4219 insigniumque
607 4133 778 4200 hominum
819 4137 997 4220 sententia,
1033 4137 1118 4202 sieut
1156 4140 1255 4206 etiam
1285 4141 1380 4228 illud,

220 4239 347 4305 tunicas
372 4242 564 4307 arteriarum
590 4242 654 4308 vim
680 4267 762 4326 eam,
786 4269 849 4330 ιμοι
873 4245 1103 4312 distenduntur
1126 4251 1158 4312 et
1181 4249 1379 4318 contrahim-

221 4353 283 4434 λοι,
307 4369 325 4413 a
350 4349 446 4416 corde
471 4349 627 4436 accipere.
664 4350 702 4418 Iu
725 4373 789 4440 quo
814 4359 923 4421 tamen
949 4353 1054 4420 abiis
1079 4355 1190 4424 nescio
1213 4359 1379 4444 quomodo
