2982 5026
575 337 730 406 -523
778 373 819 387 -

114 493 262 578 σκευάζει
286 493 346 576 τὰς
368 493 450 578 ὕλας
477 496 617 585 ἑτέροις,
645 497 785 578 ἐκείνοις
812 493 917 579 αὐτὰς
943 489 1121 588 ἀκεράίσυς
1149 495 1276 586 φυλάτ-

8 601 10 630 *
113 631 159 672 τει
185 603 240 672 καὶ
270 601 347 674 οὔτε
376 605 412 673 ἐκ
438 603 629 693 πνεύμονος
656 603 740 693 ἀλλη
768 632 818 686 τις
845 603 928 687 ὁδὸς
954 607 1093 696 ἑτέρωσε
1121 607 1276 696 τέτμηται

7 709 10 718 ’
113 709 203 798 πλὴν
226 715 304 799 μιᾶς
326 717 385 799 τῆς
407 716 455 792 είς
476 711 541 799 τὴν
561 717 708 801 καρδίαν
736 711 814 782 σύτε
837 715 874 782 ἐκ
900 719 1029 796 κοιλίας
1051 741 1085 783 τε
1108 715 1164 784 καί
1188 715 1276 784 ἐσιτέ-

9 817 15 826 ’
116 845 190 905 ρισν
214 820 352 906 ἑτέρισσε
376 817 466 908 πλὴν
489 824 536 900 είς
559 811 648 908 ἧπαρ
672 817 750 890 οὔτε
778 821 815 889 ἐκ
841 825 903 890 τσῦ
926 825 1157 904 δικτυσειδσῦς
1178 823 1276 912 πλέγ-

6 929 9 960 ·’
112 953 218 1015 ματος
241 925 381 1015 ἑτέρωσε
407 928 496 1016 πλὴν
519 932 567 1009 είς
596 928 783 1016 ἐγκέφαλον
815 927 892 998 οὔτε
921 931 957 999 ἐκ
984 933 1053 998 τῶν
1079 927 1116 999 τὸ
1146 932 1303 1020 σπέρμασ

6 1043 8 1046 ’
111 1034 503 1122 προπαρασκευαζύντσιν
530 1031 676 1124 ἀγγείων
703 1040 752 1117 είς
781 1034 863 1106 ἀλλο
890 1063 921 1106 τι
949 1035 1039 1125 πλὴν
1065 1043 1113 1120 είς
1138 1037 1179 1108 rai
1206 1042 1277 1108 τῶν

113 1141 253 1229 ὄρχεων.
301 1141 389 1212 οὕτω
414 1142 450 1212 δὲ
475 1145 530 1212 καὶ
555 1146 592 1213 σί
611 1142 649 1213 τὸ
673 1148 820 1232 χολῶδες
841 1141 951 1232 ὑγρὸν
978 1135 1196 1233 ἀθροίζοντες
1217 1145 1277 1216 κύ·

114 1277 169 1336 ροι
203 1250 326 1332 πάντες
358 1255 407 1332 είς
438 1255 477 1320 ἓν
509 1248 647 1339 ἀγγεῖον
680 1248 925 1340 ἀποφέρονται,
957 1249 1022 1340 τὴν
1057 1253 1277 1342 συνημμένην

5 1389 7 1396 ·
115 1358 214 1446 ἥπατι
239 1357 369 1444 κύστιν,
393 1360 554 1429 ἐντεῦθέν
576 1385 610 1428 τε
635 1363 682 1442 είς
704 1358 768 1448 τὴν
792 1363 910 1448 νῆστιν
933 1361 1146 1449 ἐκπέμπουσι,
1169 1359 1276 1430 χαρά.

112 1493 176 1555 περ
200 1471 236 1535 οί
258 1467 377 1554 νεφροὶ
401 1466 439 1536 τὸ
463 1459 571 1554 οὖρον
598 1471 646 1548 είς
668 1465 731 1557 τὴν
753 1475 836 1555 μίαν
865 1467 1022 1557 δηλονότι
1045 1467 1173 1538 κύστιν.
1219 1465 1275 1538 σύ-
1290 1492 1316 1532 ισ
1346 1507 1351 1514 -

4 1581 6 1590 ’
112 1579 200 1644 κούν
224 1571 304 1644 ούδέ
323 1573 360 1644 τὸ
381 1565 482 1663 ἧπαρ,
505 1584 595 1662 είπερ
618 1578 658 1664 τῇ
677 1580 799 1666 καρδίᾳ
817 1575 855 1646 τὸ
875 1571 957 1666 αἷμα
977 1576 982 1666 Ι
1001 1575 1342 1666 προπαρασκευά-ωὸ

3 1715 5 1722 ’
114 1703 179 1752 σον
203 1681 268 1752 ὑπὸ
293 1687 352 1771 τῆς
374 1681 509 1770 φύσεως
532 1685 679 1770 ἐγένετο,
707 1685 881 1773 διανέμειν
907 1681 990 1756 αύτὸ
1014 1688 1054 1776 τῇ
1081 1687 1275 1776 παρασκευῇ

114 1789 278 1880 ἡμίεργον
311 1789 491 1878 ἐπιστεύθη
524 1787 575 1859 ἀν.
639 1788 717 1861 οὔτε
749 1792 815 1881 γὰρ
847 1788 1017 1881 ὑπηρέτου
1047 1793 1085 1862 τὸ
1118 1795 1277 1864 τοιοῦτον

113 1905 232 1986 ἔργον,
276 1895 361 1968 ἀλλὰ
399 1893 565 1988 ἡγεμόνος
600 1899 655 1966 καὶ
693 1895 872 1986 ἄρχοντος,
904 1897 984 1970 οὔδ’
1021 1899 1104 1990 ὕλης
1136 1901 1277 1998 ἐλλιπῶς

112 2009 428 2096 παρεσκευασμένης
445 2004 483 2076 τὸ
503 2005 627 2088 πάθος·
646 2003 816 2096 ὑπηρέτου
833 2007 899 2096 γάρ
918 2011 987 2079 ἐστι
1010 2008 1048 2078 τὸ
1066 2007 1275 2098 παρασκευά·
1290 2029 1316 2071 1⁸

152 2233 168 2280 2
190 2220 294 2289 ἕτίσσις
312 2225 380 2280 MA:
399 2254 434 2265 -
459 2219 526 2279 διὸ
551 2227 618 2280 ante
637 2223 749 2296 σπέρμα
768 2243 823 2281 om.
842 2223 880 2280 M.
903 2213 939 2266 ὲ·
962 2219 1072 2295 Stiria
1090 2225 1146 2281 suiv
1165 2220 1275 2314 ὄργασον

114 2297 196 2354 codd.
216 2297 279 2352 edd.
299 2301 343 2352 πλ.
364 2293 406 2358 είς
423 2291 458 2351 τὰ
477 2295 535 2350 τῶν
550 2291 608 2364 ὅρη.
628 2313 686 2352 nos.
705 2327 741 2340 -
761 2304 778 2352 8
796 2291 977 2366 ἀποφέρεται
990 2297 1028 2352 ul.
1047 2327 1081 2338 -·
1100 2301 1167 2369 post
1183 2315 1275 2368 ακση.

113 2375 188 2448 spat.
215 2385 276 2424 τοο,
301 2367 449 2424 duodecim
473 2368 560 2424 farma
584 2367 744 2424 litterarum
773 2371 829 2436 νιος
858 2367 986 2450 sequitur
1013 2363 1113 2424 κύστιν
1135 2363 1275 2426 ἐντεῦθεν

113 2440 217 2510 ιη’,ταιι
237 2461 261 2494 κ.
283 2436 338 2496 lau.
354 2439 426 2508 AB),
446 2439 579 2510 deinceps
598 2443 672 2508 spat.
691 2459 751 2498 sac.
786 2441 956 2528 oadrasssnta
968 2441 1056 2496 fornas
1075 2440 1176 2510 litter.;
1196 2439 1274 2496 dani-

114 2531 170 2582 que
190 2508 326 2578 καθάπερ
345 2513 374 2567 iu
389 2511 476 2566 MAB
490 2505 688 2580 ἀποφέρονται
704 2509 755 2579 τὴν
766 2459 803 2568 ἐν
816 2511 854 2585 τῷ
869 2531 957 2580 ηπακι
971 2505 1070 2568 κύστιν
1085 2507 1226 2570 irruitis
1243 2531 1273 2568 τε

113 2585 157 2646 είς
176 2582 229 2652 την
248 2584 345 2652 νηστιν
365 2580 541 2654 ἐκπέμπουσι
556 2579 691 2650 καθάπερ
707 2583 787 2639 Corn.
807 2579 857 2639 ἀπ.
875 2579 928 2653 τὴν
947 2583 1130 2654 συνημμένην
1144 2580 1276 2653 δηλονότι

114 2653 206 2726 ἥπατι
229 2651 329 2710 κύστιν
352 2651 408 2710 ἐντ.
433 2675 461 2709 τε
487 2653 528 2716 είς
551 2651 604 2722 την
628 2656 726 2722 νῆστιν
749 2651 957 2725 ἐκπέμπουσιν,
981 2652 1116 2724 καθάπερ
1135 2654 1220 2724 cum
1239 2656 1275 2712 ul.
1325 2695 1328 2702 ,

115 2729 201 2784 Proll.
231 2746 258 2798 p.
286 2735 328 2782 ol.
356 2759 388 2768 —
425 2737 454 2782 11
482 2725 755 2792 προπαρασκευάσαι
782 2729 810 2782 ul
841 2721 1123 2796 προπαρασκευάσαι
1151 2728 1211 2784 AB.
1240 2759 1274 2772 -
1376 2773 1381 2780 .

117 2813 150 2857 13
173 2796 362 2868 ἐπιστεύθητο
381 2797 524 2854 unaco.
545 2828 578 2839 -
600 2805 633 2853 14
652 2792 718 2866 ὅλης
737 2817 788 2870 pro
807 2793 875 2868 ὕλης
893 2798 965 2866 ΜΑ;
985 2799 1020 2854 ci.
1035 2797 1120 2854 Proll.
1139 2817 1167 2870 p.
1181 2805 1225 2856 89.
1240 2831 1274 2842 -

117 2883 151 2930 15
171 2870 445 2941 παρασκευασμὲνης
463 2869 563 2938 MA&
583 2870 618 2925 of.
637 2869 723 2928 Pron.
742 2889 770 2942 p.
790 2877 833 2928 48.
853 2902 886 2914 ·-

115 3092 193 3158 aliis
212 3092 420 3176 praeparant,
444 3089 590 3174 integras
609 3090 675 3156 illis
696 3091 826 3156 easdem
849 3095 984 3156 servant
1002 3112 1040 3156 ao
1063 3111 1167 3176 neque
1191 3089 1298 3157 alius'

114 3201 281 3286 quispiam
310 3199 436 3262 meatus
466 3219 486 3262 a
513 3197 724 3282 pulmonibus
752 3198 909 3264 aliorsum
937 3197 1044 3264 tendit
1069 3219 1168 3284 quam
1190 3219 1275 3264 unus

116 3308 158 3372 ad
183 3329 239 3372 eor
262 3327 367 3390 neque
391 3305 609 3372 eventrioulo
628 3309 659 3370 at
684 3305 849 3372 intestinis
873 3311 1102 3392 praeterquam
1126 3306 1166 3372 ad
1186 3307 1277 3374 ieeur

115 3438 221 3500 neque
245 3435 262 3478 e
286 3411 452 3478 reticulari
473 3417 627 3478 contextu
650 3435 747 3498 quam
771 3414 807 3480 in
826 3415 994 3480 cerebrum
1018 3435 1122 3502 neque
1146 3436 1164 3480 e
1186 3415 1274 3482 vasis

116 3545 229 3588 semen
253 3519 526 3606 praeparantibus
551 3519 708 3587 aliorsum
733 3543 831 3606 quam
855 3522 896 3587 ad
919 3525 1029 3588 testea.
1070 3519 1124 3590 Sia
1148 3543 1275 3609 quoque

114 3631 173 3717 qni
197 3629 353 3695 biliosum
376 3627 547 3693 humorem
567 3628 728 3715 colligunt
751 3633 879 3695 meatus
899 3651 1012 3696 omnes
1035 3630 1069 3696 in
1093 3651 1193 3698 unum
1216 3651 1274 3696 ras

114 3739 321 3822 deseruntur,
354 3735 454 3802 iecori
488 3735 648 3802 adnexum
676 3736 874 3822 folliculum,
902 3737 1040 3823 indeque
1067 3736 1102 3803 in
1128 3737 1273 3804 ieiunum

114 3849 308 3914 intestinum
330 3846 497 3930 amittunt3
521 3867 587 3912 non
612 3866 704 3909 seous
728 3865 822 3910 renas
846 3845 975 3910 urinam
999 3845 1033 3910 in
1057 3866 1155 3911 unam
1178 3843 1273 3909 nimi·

114 3975 189 4020 nrm
214 3953 357 4020 uesicam
381 3952 620 4018 transmittunt.
667 3953 742 4018 Non
767 3951 884 4039 igitur,
908 3951 935 4018 si
958 3953 1049 4018 iocur
1073 3973 1111 4018 eo
1135 3950 1273 4017 consilio

113 4065 234 4126 natura
263 4061 426 4127 fabricata
455 4063 556 4144 esset,
584 4065 620 4125 nt
649 4059 737 4126 cordi
767 4061 958 4146 sanguinem
988 4062 1213 4146 praepararet,
1244 4057 1273 4124 si

115 4167 288 4233 dimidium
325 4173 455 4234 tantum
495 4167 724 4252 suppeditandi
757 4189 875 4234 munus
913 4165 1150 4234 demandasset.
1201 4166 1295 4234 ΗοσΙ

115 4275 204 4340 enim
232 4299 298 4340 non
331 4275 488 4358 ministri,
519 4276 574 4340 sed
605 4273 697 4340 ducis
731 4280 765 4340 et
791 4277 949 4362 principis
981 4299 1063 4361 opus
1092 4279 1141 4340 ast
1169 4295 1273 4360 neque

116 4383 286 4468 materiae,
310 4405 392 4470 quiae
410 4405 477 4450 non
497 4384 577 4450 satis
597 4387 792 4470 praeparata
811 4389 871 4471 est,
893 4385 1030 4452 affectus
1049 4381 1273 4470 ast51niniatri
