2992 5034
627 383 669 396 -
719 349 877 418 499-

169 507 268 591 ’προς
290 501 399 593 αὐτην
420 503 533 595 ὥσπερ
554 505 648 587 τινὸς
666 508 858 596 ἐρωτῶντος
876 510 1126 599 ἐπορεγομένην
1143 509 1249 582 αὐτοῦ
1272 513 1331 602 τῆς

169 613 359 702 ’γενέσεωςς
388 619 501 702 ἔγωγε.
546 621 582 683 τί
610 615 662 694 δές
690 617 728 684 τὸ
758 613 918 702 ἀβουλεῖν
945 618 1000 686 καὶ
1023 615 1069 707 με)
1093 621 1225 689 ἐθέλειν
1247 617 1327 710 μηδ’

169 723 364 810 ’ἐπιθυμεῖν
397 721 458 792 οὐκ
486 727 533 804 εἰς
564 721 601 792 τὸ
635 719 789 794 ἀπωθεῖν
821 727 876 794 καὶ
909 723 1112 796 ἀπελαύνειν
1139 723 1196 796 ἀπ’
1227 723 1330 818 αὐτῆς

166 830 237 900 ’καὶ
266 835 313 911 εἰς
341 828 472 898 ἅπαντα
498 827 661 900 τάναντιά
690 833 831 914 ἐκείνοις
857 831 1044 924 didonem?
1076 823 1176 904 αὗται
1204 834 1267 925 μὲν
1293 839 1333 906 αἱ
1357 863 1365 872 ·

164 941 231 1007 τοῦ
252 937 438 1020 Πλάτωνος
466 937 579 1028 ῥήσεις
601 935 645 1010 eri
671 938 780 1027 μόνον
808 939 890 1027 ὅπερ
918 943 1077 1031 ἐλέγομεν
1099 939 1356 1014 ἐπιδεικνύων-ν

165 1067 226 1116 σαι
249 1049 382 1134 σαφῶς,
409 1044 455 1127 ὡς
475 1045 514 1116 τὸ
538 1049 661 1133 πεινῆν
682 1048 737 1116 καὶ
766 1047 804 1116 τὸ
829 1053 935 1136 διψῆν
957 1051 1013 1119 καὶ
1042 1049 1128 1130 ὅλως
1150 1050 1188 1120 τὸ
1212 1052 1328 1121 tuere

164 1169 246 1244 μεῖν
268 1181 362 1235 τινος
387 1150 405 1242 ἢ
425 1157 586 1243 ἐφίεσθαί
609 1179 644 1222 τε
667 1156 723 1223 καὶ
749 1156 889 1242 φεύγειν
912 1167 978 1227 εἴτε
999 1157 1169 1247 ποιήματά
1191 1186 1242 1246 τις
1263 1169 1329 1230 εἶτε
1415 1205 1420 1212 -

164 1261 368 1352 παθήματα,
394 1263 568 1332 τουτέστιν
598 1272 663 1332 εἴτε
692 1266 860 1351 ἐνεργείας
887 1275 951 1335 ελτε
979 1263 1073 1354 πάθη
1101 1265 1329 1357 προσαγορεύ-

164 1393 275 1458 σειεν,
303 1367 407 1442 οὐδὲν
430 1373 599 1461 διαφέρει,
626 1368 711 1440 ἀλλὰ
733 1373 787 1442 καλ
812 1373 886 1459 περὶ
910 1378 979 1443 τοῖν
1006 1377 1118 1463 μερῶν
1139 1379 1199 1464 τῆς
1222 1377 1330 1466 ψυχῆς

165 1479 428 1569 διδάσκουσαι.Ι
499 1475 509 1492 ”
1341 1505 1368 1546 ιο

259 1587 325 1658 Διὸ
354 1587 410 1657 καὶ
436 1591 545 1668 καλῶς
576 1581 621 1658 dv
653 1593 721 1676 ἔχοι
750 1587 795 1678 μὴ
827 1593 1062 1677 παραδραμεῖν
1090 1587 1209 1678 αὐτάς,
1240 1587 1325 1662 ἀλλὰ
1335 1609 1393 1666 514

163 1695 251 1766 ὅλον
274 1693 458 1781 ἀναλαβεῖν
480 1693 542 1764 τὸν
564 1694 684 1783 λόγον,
708 1693 750 1766 ὃν
774 1700 811 1765 ἐν
833 1701 879 1790 τῷ
903 1697 1046 1790 τετάρτῳ
1068 1701 1128 1786 τῆς
1149 1705 1329 1782 Πολιτείας

164 1809 311 1894 διῆλθεν
339 1801 423 1892 ὑπὲρ
450 1807 512 1873 τοῦ
541 1809 617 1890 τρία
648 1803 688 1874 τά
719 1808 776 1892 τῆς
806 1809 913 1894 ψυχῆς
936 1803 1031 1894 ἡμῶν
1058 1803 1221 1896 ὑπάρχειν
1243 1811 1328 1896 ελδη.

162 1914 344 2002 προσέχειν
376 1913 413 1981 δὲ
453 1910 514 2000 χρὴ
552 1907 729 1981 πάνταῦθα
761 1917 806 2004 τῷ
846 1915 1016 2006 λεγομένῳ
1048 1913 1110 1983 τὸν
1142 1919 1228 1984 νοῦν
1259 1911 1324 1985 άπὸ

163 2019 280 2092 αὐτῶν
313 2019 521 2109 άρξαμένονς
553 2010 658 2099 αὖθις
692 2023 762 2088 τῶν
798 2018 977 2108 ὀνομάτων
1005 2022 1059 2090 καὶ
1098 2021 1143 2111 μὴ
1178 2029 1326 2113 νομίζειν
1341 2043 1366 2084 1⁵

163 2129 454 2198 ἐπιλανθάνεσθαι
486 2125 548 2198 τὸν
575 2125 744 2197 Πλάτωνα
776 2131 845 2197 τῶν
876 2125 936 2216 ὑφ’
972 2131 1095 2201 ἑαυτοῦ
1122 2131 1326 2220 λεγομένων,

203 2353 217 2402 1
243 2341 336 2414 αὐτὴν
363 2343 529 2402 LllABCh.
557 2373 590 2384 -
622 2337 743 2414 lenietur
767 2345 847 2400 codd.
872 2345 948 2412 edd.;
976 2345 1012 2402 cf.
1035 2345 1122 2403 Pron.
1150 2365 1179 2420 p.
1204 2352 1265 2403 124.
1289 2379 1322 2389 -

163 2413 342 2490 ὀρεγομένην
360 2417 448 2472 ΜΑΒ
473 2411 686 2486 ε’πορεγσμὲνως
706 2417 736 2472 L.
762 2449 795 2458 —
820 2413 887 2472 eei
906 2413 944 2488 pr}
963 2411 1139 2490 άβονλεῖαΙι
1163 2414 1196 2474 τὸ
1215 2414 1323 2492 ridente}

163 2491 203 2549 M.
220 2522 253 2532 -
272 2498 290 2546 λ
309 2485 344 2546 τά
364 2485 481 2546 ἐναντία
498 2487 592 2543 ΜΑΒ.
613 2519 644 2528 -
667 2499 682 2544 ὓ
703 2484 734 2544 τὸ
750 2493 816 2545 ente
831 2491 921 2558 δινῂν
940 2507 995 2548 om.
1010 2491 1046 2546 M.
1063 2521 1095 2532 -
1117 2497 1132 2546 'l
1153 2486 1324 2560 ἐπιφίεσδαι

163 2581 218 2634 pro
241 2559 379 2634 ἐφίεσθαι
402 2561 431 2616 ll
455 2555 675 2626 ἀποφαίνεσθαι
699 2559 728 2616 L.
755 2593 786 2600 —
817 2569 832 2616 n
858 2557 918 2631 ripe
939 2579 993 2688 pre
1016 2557 1086 2616 άλλά
1111 2561 1147 2630 Ιις
1177 2561 1212 2618 ei.
1236 2561 1323 2618 Proll.

163 2653 192 2706 p.
213 2643 256 2692 8¹2.
277 2664 308 2676 -
336 2629 555 2690 tornoderense
576 2631 657 2687 Corn.
676 2663 711 2674 -
738 2641 768 2688 ll
794 2627 886 2698 αάτάς
904 2651 937 2688 co
958 2633 985 2690 d.
1009 2633 1072 2690 edd.
1092 2629 1167 2688 αάτά
1186 2631 1268 2690 (lom.
1288 2665 1321 2676 -·

167 2715 200 2764 14
224 2707 280 2762 τῶν
303 2703 463 2776 λεγομένοιν
488 2701 662 2772 hirenen
686 2705 721 2760 el.
745 2703 830 2762 Proll.
850 2723 878 2777 p.
904 2713 963 2762 125.
993 2735 1026 2748 -
1060 2711 1093 2762 16
1116 2699 1168 2776 ἐφ’
1192 2721 1244 2778 pro
1266 2699 1322 2776 ὕφ’

163 2777 313 2844 ΜΔΒΟος
332 2775 367 2836 nt.
386 2775 472 2832 Proll.
491 2794 518 2846 p.
541 2783 600 2830 τοι.
620 2805 654 2817 -

163 2919 380 2932 ,ι-

163 2999 332 3066 adnuere
366 2993 464 3082 apud
497 3017 536 3062 ee
570 2999 765 3082 tamquam
798 2997 1071 3084 interrogante
1104 2995 1250 3084 alique,
1281 3001 1324 3065 ut
1354 3077 1361 3090 ·

163 3107 201 3174 id
240 3105 317 3172 sibi
355 3104 575 3190 contingat,
612 3105 886 3189 expetentem?
940 3103 1140 3191 Equidem.
1200 3103 1322 3183 Quid?

162 3237 240 3283 non
263 3217 414 3298 optare,
441 3212 561 3296 nolle,
587 3233 663 3278 non
686 3235 826 3298 cupere
849 3235 976 3280 nonne
1004 3212 1043 3279 in
1071 3213 1261 3280 reiciendi
1283 3217 1323 3280 et

163 3347 184 3388 α
208 3343 247 3388 ee
271 3319 491 3406 repellendi
516 3319 685 3404 speciem
705 3327 821 3408 atque
844 3321 884 3386 in
903 3321 1034 3386 omnin
1057 3321 1142 3388 illie
1166 3325 1321 3388 contre·

162 3431 223 3496 rin
241 3425 494 3495 referemus?
532 3425 623 3492 Haec
642 3433 719 3494 sunt
732 3427 881 3494 Platonis
900 3428 1011 3512 verbe,
1029 3449 1111 3515 que-e
1129 3451 1197 3497 non
1215 3429 1323 3516 modo,

162 3543 201 3606 ut
224 3537 379 3622 diximus,
402 3539 515 3622 aperte
539 3535 765 3602 demonstrent
792 3535 876 3602 nihil
900 3537 1035 3620 referre,
1059 3537 1196 3622 esurire,
1219 3537 1322 3622 sitire,

163 3645 299 3712 omnino
323 3665 440 3730 cupere
469 3643 592 3730 aliquid
616 3644 666 3709 rel
692 3651 847 3730 appetere
871 3649 904 3710 et
930 3647 1044 3732 ingere
1068 3645 1254 3710 effectiones
1279 3667 1322 3712 en

161 3754 354 3820 ntl'eetiones
382 3753 486 3834 diens,
514 3753 547 3817 id
575 3757 626 3816 est
654 3753 799 3820 actiones
823 3773 865 3818 nn
895 3755 1045 3838 allectus,
1073 3751 1129 3818 sed
1157 3752 1257 3818 etiarn
1280 3751 1320 3818 de

161 3861 264 3929 animi
288 3860 440 3947 pertibus
463 3860 589 3926 docent

252 3968 347 4038 Unde
367 3968 487 4036 rectius
507 3967 571 4032 erit
591 3989 712 4034 ennon
732 3969 1004 4054 praetermittere,
1022 3967 1079 4034 ned
1097 3971 1206 4036 tetum
1225 3965 1319 4034 illmn

162 4099 361 4164 sermonem,
388 4098 484 4162 quem
512 4075 545 4140 in
574 4079 691 4160 quarto
715 4073 928 4159 Reipublicae
957 4079 1147 4160 persecutus
1176 4078 1226 4140 est
1252 4079 1320 4140 tren

160 4208 233 4251 esee
261 4187 431 4252 nltirmnnn
460 4183 560 4248 animi
594 4183 698 4248 nostri
732 4183 873 4268 speeies,
906 4189 1062 4269 repetere.
1114 4179 1177 4248 Sed
1205 4187 1238 4247 et
1266 4181 1319 4248 hie

160 4293 308 4362 animum
333 4291 373 4359 nd
398 4315 445 4376 en,
468 4313 551 4376 qnae
574 4291 738 4374 dicuntur,
762 4291 807 4356 ita
833 4291 1001 4357 advertere
1023 4291 1194 4364 debemus,
1217 4293 1253 4356 ut
1277 4289 1320 4356 nb

159 4403 244 4490 ipsis
258 4423 372 4468 rursus
389 4401 579 4468 nominibus
594 4399 800 4484 incipiemus,
818 4421 921 4485 neque
937 4399 1125 4466 existimare
1140 4396 1321 4484 Plutonem,

1049 4521 1106 4576 w
