2980 5020
661 299 908 368 -822-

205 456 223 528 ὃ
257 457 299 546 δὴ
331 456 456 527 κύκλον
497 458 770 546 προσηγόρευσεν
811 455 920 539 αὐτός.
976 459 1014 528 έν
1054 457 1162 552 τούτῳ
1195 464 1241 553 τῷ
1275 461 1369 554 λόγῳ

204 567 303 634 παντὶ
328 563 456 635 σκοπὸν
480 563 566 653 ἡμᾶς
593 568 724 648 έιλίόαξε
748 570 805 654 τῆς
836 571 1033 653 ἀιιικρέσιως
1055 569 1125 635 τῶν
1153 565 1242 636 οὕτω
1270 577 1368 656 λεγο-

203 673 316 761 μένων
358 675 395 742 ἐν
429 676 577 766 diacope}
619 683 789 742 κινεῖσθαι
831 677 892 744 τοῦ
923 701 958 744 τε
999 671 1147 762 ἀκριβῶς
1177 679 1369 763 λεγομένου

177 777 344 866 rectene,
377 785 438 850 τοῦ
475 783 596 870 παχέος
632 807 665 849 τι
695 781 751 850 καὶ
779 783 935 868 πλατέος,
967 783 1022 852 καὶ
1051 779 1114 851 οὐκ
1142 777 1298 870 ἀκριβῶς.
1346 783 1366 854 ὁ

136 887 266 975 δοιμὶν
297 887 361 975 γὰρ
391 891 395 978 l
426 885 527 969 αὐτὸς
560 893 660 968 innoc
693 885 735 958 οὐ
768 889 910 958 δύναται
945 888 1028 958 κατὰ
1061 889 1122 958 τὸν
1156 887 1261 960 αὐτὸν
1294 888 1366 979 ἅμα

202 995 329 1084 χρόνον
353 1000 400 1077 εἰς
421 993 566 1084 Ἀθήνας
588 1022 622 1066 τε
646 997 701 1064 καὶ
726 995 906 1082 Κόρινθον
929 994 1079 1082 ἀπιέναι,
1103 995 1256 1084 καθάπερ
1281 995 1364 1068 οὖόὲ

202 1102 289 1174 εἶναι
312 1104 396 1174 κατὰ
418 1103 479 1174 τὸν
503 1101 609 1174 αὐτὸν
632 1101 700 1191 ἅμα
724 1103 851 1191 χρόνον
871 1101 1033 1192 Ἀθήνησι
1052 1105 1107 1174 κοιλ
1128 1107 1165 1173 έν
1185 1111 1364 1199 Κορίνθῳ.

203 1207 282 1280 οὐδὲ
306 1213 406 1300 μέλας
428 1213 484 1280 καὶ
508 1219 626 1292 λευκος
649 1209 793 1280 rivalte
817 1214 872 1280 καὶ
896 1215 1053 1299 λέγεσθαι
1083 1210 1164 1282 καθ’
1196 1213 1256 1282 ἕνα
1284 1215 1364 1302 χρό-

203 1345 268 1388 νον
298 1317 361 1388 τὸν
392 1316 513 1406 αὐτόν,
546 1325 578 1387 εἰ
608 1319 653 1408 μὴ
687 1319 724 1390 τὸ
758 1319 821 1408 μὲν
855 1318 956 1409 ἥμισυ
993 1323 1073 1407 φέρι
1110 1323 1172 1390 τοῦ
1208 1321 1365 1408 σώματος
1436 1377 1445 1398 .

163 1451 188 1490 ιι
202 1424 324 1496 λευκὸν
347 1421 454 1496 αὐτοῦ
477 1437 544 1514 εἴη,
568 1427 605 1496 τὸ
631 1427 667 1496 δὲ
692 1430 807 1516 ἕτερον
830 1425 937 1498 αὐτοῦ
959 1431 1081 1518 μέλαν,
1108 1425 1192 1497 ἀλλὰ
1221 1425 1298 1497 οὔτε
1322 1429 1361 1500 τὸ

202 1531 325 1603 λευκὸν
349 1535 450 1623 μέρος
473 1533 541 1624 ἅμα
564 1561 598 1604 τε
622 1537 744 1606 λευκὸν
767 1534 853 1604 εἶναι
876 1535 929 1604 κιιλ
956 1537 1061 1624 μέλαν
1088 1533 1166 1604 οὔτε
1193 1535 1230 1604 τὸ
1255 1537 1363 1623 μέλαν

96 1673 102 1684 ·
201 1639 268 1728 ἅμα
295 1667 331 1709 τε
362 1643 467 1730 μέλαν
495 1643 550 1712 καλ
578 1641 701 1712 λευκὸν
729 1639 803 1712 οἷόν
830 1645 868 1712 τέ
900 1645 978 1712 ἐστι.
1023 1647 1105 1712 κατὰ
1140 1645 1263 1712 τοῦτον
1297 1635 1361 1713 οὖν

200 1747 260 1818 τὸν
295 1748 423 1818 σκοπὸν
453 1751 503 1820 ἐπὶ
537 1751 640 1820 πλέον
677 1751 714 1818 ἐν
750 1765 821 1832 τοῖς
853 1751 927 1839 ἑξῆς
958 1749 1137 1840 γυμνάζων
1171 1747 1256 1840 ἡμᾶς
1287 1755 1359 1819 δια-

200 1863 306 1942 κρίνει
329 1855 368 1926 τό
390 1884 425 1926 τε
448 1854 573 1927 ταύτὸν
595 1855 659 1928 ἀπὸ
684 1862 746 1926 τοῦ
775 1859 890 1944 ἑτέρου
917 1859 1033 1927 καὶτὸ
1059 1857 1180 1946 ὅμοιον
1207 1853 1272 1928 ἀπὸ
1297 1863 1359 1928 τοῦ

161 1988 185 2027 ιι
201 1961 376 2052 ἀνομοίου.
412 1961 552 2054 κάπειδὴ
576 1969 679 2034 ταῦτα
704 1970 860 2052 ἔπραξεν,
883 1965 999 2048 αὐτοῖς
1021 1967 1139 2054 ἑφεξῆς
1161 1965 1244 2036 κατὰ
1268 1970 1359 2050 λέξιν

201 2068 269 2140 ὡδί
297 2097 367 2153 ποις
399 2078 538 2162 έμραυι·
579 2072 689 2162 μήτοι
714 2101 778 2154 τις,
814 2065 855 2162 ἦν
877 2071 909 2142 δ’
941 2072 1024 2162 ἐγώ,
1056 2070 1241 2155 ἀσκέπτους
1275 2073 1358 2162 ἡμᾶς

238 2368 250 2416 l
273 2355 367 2416 κύκλοι
387 2361 475 2416 Μ.-
501 2362 585 2417 λιαὶ
605 2381 655 2418 του
675 2361 792 2454 ιιαχέοςι
799 2362 880 2417 codd.
899 2362 963 2418 edd.
982 2361 1031 2416 καλ
1049 2362 1196 2421 eiecimus·
1216 2361 1251 2418 ci.
1271 2363 1354 2447 Prpll.

200 2451 227 2504 p.
249 2440 363 2489 11⁶.-
387 2441 456 2489 tire
475 2455 536 2518 αμα
555 2435 603 2489 καὶ
622 2433 660 2489 M.
684 2463 719 2475 -
744 2439 758 2488 ἰ’
779 2431 810 2488 έν
835 2441 889 2490 cm.
910 2433 1063 2489 ΜΑΒ.-
1088 2429 1201 2488 lons).
1227 2428 1353 2488 cruscire

199 2504 280 2560 codd.
300 2499 399 2560 edd*
383 2525 426 2560 οτι
447 2505 641 2562 eiecimus-
664 2499 792 2619 λλῆἆμοι
796 2525 823 2560 rr
844 2503 947 2561 λευκὸν
966 2525 1041 2560 ειναι
1060 2501 1234 2561 MABCh
1215 2525 1275 2572 οιμοι
1293 2509 1354 2560 λευ-

198 2571 259 2718 Mihi
273 2573 520 2736 ῗέλεάἀαάεΚκαλῖ.
525 2578 671 2704 PMOMCM
647 2649 671 2704 h
679 2585 792 2704 1ιιάιι
772 2669 798 2703 re
814 2584 845 2704 hi
863 2573 1353 2704 rcihlt‘iuh‘hksimh‘isdilcddttubdddl.

199 2713 257 2774 έστι
278 2738 384 2776 uos-
408 2729 440 2777 lo
459 2742 547 2784 αυιος
561 2723 641 2777 codd
657 2723 719 2777 edd.
740 2741 838 2783 αυιοις
853 2739 916 2788 nos
936 2721 970 2778 ci.
986 2721 1082 2792 Prcgr
1098 2721 1133 2786 ll,
1152 2728 1233 2776 6-
1252 2717 1353 2790 {petie

200 2792 249 2845 καλ
267 2792 449 2858 λέξινΜ.-
476 2799 509 2848 16
528 2788 611 2864 μήτοι
630 2813 715 2856 τιςκ.
736 2815 757 2849 r.
778 2797 800 2849 λ.
821 2793 893 2848 Plet
913 2809 971 2864 rep.
991 2811 1018 2864 p.
1039 2799 1091 2850 438
1109 2763 1143 2850 A.
1163 2823 1197 2834 -

198 2941 412 2952 n———..

199 3047 239 3114 ad
268 3070 365 3134 quam
394 3071 445 3133 ea,
474 3047 513 3114 de
541 3047 659 3135 quibus
683 3049 884 3134 quaerimus,
911 3049 1205 3134 distinguerentur,
1233 3049 1351 3114 versari

197 3155 232 3222 in
254 3155 442 3223 discrimine
466 3157 549 3241 eius,
572 3157 655 3243 quod
679 3158 809 3242 proprie
833 3157 919 3224 idem
942 3158 1115 3236 diceretur,
1141 3159 1231 3224 velut
1253 3159 1350 3224 cressi

197 3263 248 3330 vel
275 3263 351 3347 leti,
384 3265 426 3331 ab
460 3287 512 3352 eo,
544 3263 630 3351 quod
662 3287 728 3330 non
761 3267 893 3350 proprie
926 3268 1095 3335 diceretur.
1144 3263 1236 3332 Idem
1269 3267 1350 3333 enim

198 3393 298 3458 equus
322 3373 436 3438 eodem
459 3379 607 3460 tempore
632 3373 728 3438 simul
757 3381 791 3438 ct
813 3374 961 3441 Athenas
990 3379 1024 3440 et
1046 3373 1239 3442 Corinthum
1265 3377 1350 3443 chire

197 3501 263 3546 non
297 3484 407 3566 potest
439 3503 543 3570 neque
583 3503 654 3548 esse
687 3484 785 3548 simul
814 3481 953 3550 Athenis
987 3487 1020 3548 et
1052 3479 1203 3550 Corinthi
1241 3486 1349 3550 eodem

197 3591 344 3674 tempore
372 3611 477 3676 neque
505 3591 599 3678 niger
626 3594 659 3654 et
690 3590 785 3656 albus
814 3613 885 3656 esse
912 3590 965 3656 vel
993 3589 1072 3674 dici,
1103 3591 1168 3656 nisi
1202 3592 1350 3660 videlicet

198 3695 369 3764 dimidium
398 3697 545 3784 corporis
573 3697 719 3785 nigrum,
753 3699 891 3764 alterum
925 3698 1035 3764 album
1061 3699 1136 3786 erit3
1170 3701 1227 3766 sed
1250 3721 1348 3788 neque

196 3805 273 3870 alhs
295 3827 373 3891 pers
397 3805 496 3872 simul
519 3806 596 3873 albe
619 3811 652 3872 et
681 3807 778 3892 nigra
802 3827 872 3872 esse
900 3828 1004 3893 neque
1031 3807 1128 3894 nigre
1155 3831 1232 3894 pers
1256 3808 1349 3875 simul

195 3912 292 3999 nigra
320 3917 353 3978 et
381 3913 457 3980 elba
487 3937 557 3981 esse
584 3919 703 4000 potest.
750 3915 801 3982 Ad
832 3913 917 3980 hanc
945 3913 1049 4000 igitur
1075 3937 1225 3983 normam
1256 3917 1349 4004 pluri·

196 4019 256 4086 bus
280 4021 388 4088 verbis
412 4045 472 4090 nos
497 4045 647 4090 exercens
672 4024 707 4090 in
731 4024 943 4110 sequentihus
967 4023 1125 4090 discernit
1147 4025 1235 4090 idem
1260 4047 1279 4091 ο
1305 4023 1347 4090 di·

196 4151 304 4214 verso,
336 4130 443 4196 simile
476 4155 496 4196 n
529 4131 689 4198 dissimili.
736 4129 808 4208 Quo
840 4127 929 4198 fecto
961 4131 1114 4218 deinceps
1147 4133 1188 4198 ed
1217 4133 1347 4200 verbum

197 4235 278 4302 haec
301 4237 464 4324 adiungit:
511 4238 581 4305 ‘Ne
609 4240 709 4326 quis,
736 4239 909 4326 inquam,
936 4262 1007 4306 nos
1035 4239 1346 4308 inconsideratos

198 4341 330 4408 turbet
361 4367 561 4430 opponens
594 4347 786 4414 neminem
825 4352 957 4436 potum
991 4369 1148 4436 cupere,
1185 4351 1252 4418 sed
1289 4349 1346 4416 ho·
