2976 5028
560 295 900 361 2-332-

197 455 304 542 ψυχῆς
327 452 446 535 εἰπάν,
475 449 521 532 ὡς
543 451 562 524 ὁ
587 453 733 523 Πλάτων
762 451 993 542 ὑπελάμβανε,
1015 452 1053 524 τὸ
1077 454 1140 542 μὲν
1162 451 1351 541 λογιστικὸν

196 559 234 628 lv
256 564 296 651 τῇ
319 565 448 650 κεφαλή
467 561 636 649 τετάχθαι,
659 560 697 630 τὸ
722 562 758 630 di
780 561 959 649 θυμοειὸὲς
982 564 1019 631 ἐν
1041 566 1081 651 πή
1101 566 1233 652 καρδίᾳ,
1254 559 1293 629 τὸ
1316 559 1351 628 di

197 667 448 756 ἐπιθυμητικὸν
463 670 539 756 περὶ
562 669 624 738 τὸν
647 666 819 757 ὀμφαλόν,
848 672 886 738 ἐν
907 684 978 750 τοῖς
1002 669 1075 758 ἑξής
1098 667 1200 750 αὐτὸς
1222 674 1271 751 είς
1292 666 1351 756 τήν

195 780 340 862 καρδίαν
371 780 524 864 πειρᾶται
557 775 597 845 τά
629 784 704 864 τριίι
736 777 909 864 συνάγειν.
963 783 1077 866 ἔχουσι
1110 777 1147 846 di
1180 779 1219 846 αί
1243 777 1352 865 ῥήσεις

170 874 280 952 scire·
305 882 342 954 ‘o'
370 885 406 953 di
430 884 570 973 ποιητής
591 885 784 970 πλεονάζων
808 887 846 954 ἐν
867 885 1001 966 τούτοις
1023 885 1079 954 dud
1103 888 1239 954 πολλῶν
1260 891 1351 972 παρί·

197 991 339 1079 ‘ornum
363 989 412 1062 ὅτι
437 993 492 1060 καὶ
516 992 553 1062 τὸ
578 993 771 1080 λογιστικὸν
794 994 847 1061 καί
871 992 909 1062 τὸ
931 993 1111 1081 θυμοειδὲς
1133 991 1208 1076 περὶ
1232 991 1350 1060 τοῦτόν

196 1099 277 1166 ’ἐστι
299 1096 361 1168 τὸν
384 1097 506 1182 τόπον,
533 1100 714 1170 συνάπτων
737 1105 785 1181 εἰς
807 1098 931 1170 ταίτὸν
957 1099 1013 1168 καί
1036 1097 1074 1168 τί)
1099 1097 1350 1186 ἐπιθυμητικόν,

196 1204 360 1292 ’καθάπερ
389 1208 444 1274 καὶ
469 1212 536 1276 ἔθει
560 1209 718 1296 ποιήσομ’
764 1205 834 1277 uiro
862 1208 1031 1292 ἐπιφέρων
1058 1212 1165 1294 φήσίν
1197 1202 1267 1274 ’ὅτι
1290 1205 1350 1294 μὲν

197 1311 273 1402 ’γάρ
296 1312 333 1382 τὸ
359 1313 551 1400 λογιστικόν
575 1317 666 1384 ἐστιν
690 1317 851 1386 ἐνταῦθα.
876 1315 933 1384 dud
956 1315 1087 1384 τούτων
1111 1317 1280 1404 ἐμφαίνει·

158 1447 182 1486 ιο
241 1419 339 1490 ’ἄλλο
363 1418 395 1490 d’
422 1423 473 1490 lui
497 1421 658 1511 στήθεσσι
682 1422 763 1504 νόος
784 1425 843 1492 παλ
863 1429 960 1512 μήτις
982 1420 1134 1512 άμάμων.

241 1525 330 1598 ’ἀλλ’
357 1528 440 1618 ἐμὸν
462 1527 583 1599 οἰίποτε
608 1529 722 1618 θνμὸν
745 1531 795 1600 tut
819 1531 1004 1619 στήθεσσιν
1027 1529 1209 1619 incutiendi

131 1633 268 1717 suasim
292 1637 410 1724 ἕφεξής
433 1643 493 1725 ἔπη
521 1640 756 1726 παραθέμενος
778 1645 879 1708 πλείω
908 1637 989 1726 μετὰ
1016 1636 1121 1706 ταῦτά
1148 1657 1255 1724 φήσιν
1287 1633 1351 1704 ’ὅτι

196 1743 247 1813 ‘di
269 1745 324 1814 καί
347 1743 386 1814 τὸ
411 1744 656 1834 ε’πιθνμήτιιιὸν
680 1748 842 1834 ἐνταῦθα,
866 1743 922 1815 διά
945 1746 1076 1815 τούτων
1099 1747 1268 1832 ἐμφαίνει·

241 1848 296 1926 ‘od
318 1851 383 1940 γάρ
405 1852 541 1923 πώποτέ
561 1849 595 1942 μ’
622 1845 688 1923 uide
712 1857 795 1935 θεάς
818 1860 893 1941 ἔρος
916 1849 997 1924 οὐδὲ
1020 1852 1181 1941 γυναικὸς

157 1988 182 2030 ιι
241 1959 368 2048 ’θυμὸν
392 1961 442 2030 ε’νὶ
468 1960 629 2048 στήθεσσι
653 1962 914 2052 περιπροχυθεὶς
937 1960 1147 2049 ἐδάμασσεν]

195 2143 410 2156 -u-n—

232 2243 284 2305 ti
304 2247 337 2305 ot
357 2245 475 2318 ποιητής
493 2271 519 2305 ιι.
539 2269 562 2305 τ.
581 2253 604 2305 λ.
629 2249 665 2304 cf.
691 2268 718 2320 p.
739 2255 801 2305 315.
820 2279 854 2291 ·-
879 2255 895 2306 8
915 2247 1300 2318 prraesumendum.
1322 2279 1356 2290 -

196 2328 212 2376 9
237 2315 409 2392 ἐμφαίνεται
432 2321 513 2376 codd.
533 2321 595 2377 edd.
621 2317 757 2392 ἐμφαίνει
781 2339 839 2378 nos.
860 2351 892 2362 -
917 2330 951 2376 10
974 2317 1042 2376 ἄλλο
1065 2319 1097 2378 di
1119 2321 1156 2376 M.
1177 2351 1210 2362 -
1235 2316 1355 2390 στήθεσι

195 2392 243 2462 (id.
262 2411 289 2450 v.
305 2395 349 2462 11)
369 2392 406 2450 M.
427 2424 460 2435 --
481 2401 512 2448 11
533 2389 595 2448 ἀλλ’
616 2389 687 2464 ἐμὸν
707 2393 805 2464 Odyss.
826 2393 887 2460 VH,
906 2399 965 2450 ⁸258.
987 2423 1019 2434 -
1042 2400 1074 2448 13
1094 2389 1126 2450 ίιι
1145 2388 1255 2448 τούτων
1273 2393 1355 2448 codd

196 2463 258 2520 edd.
283 2459 332 2520 διὰ
357 2485 379 2520 τ.
406 2482 468 2532 nos;
493 2465 527 2520 ci.
552 2483 638 2537 supra
659 2483 688 2536 p.
712 2472 778 2532 ³15,
804 2471 845 2521 17.
870 2497 904 2508 -
935 2473 967 2521 14
991 2460 1104 2520 πάντοτε
1128 2459 1159 2535 μ’
1185 2465 1212 2519 Μ
1241 2459 1355 2520 πώποτ’

196 2530 244 2608 ἔμ’
262 2535 407 2604 nucu&
427 2537 462 2592 cf.
481 2537 567 2594 Proll.
581 2555 609 2610 p.
629 2543 671 2594 29.
692 2567 726 2579 -
746 2535 816 2607 ipone
833 2537 930 2594 MAB.
950 2567 983 2578 -
1005 2543 1038 2593 lt
1057 2532 1183 2608 ἐδάμασε
1204 2535 1299 2592 ΜΑΒ.
1321 2568 1355 2578 -

195 2828 367 2914 ταλάροισι,
389 2828 424 2894 in
447 2827 543 2894 corde
565 2827 783 2914 iracundiam,
806 2828 1021 2916 cupiditatem
1049 2828 1137 2896 circa
1158 2827 1356 2896 umbilicum

164 2931 374 3021 ‘dispositas
398 2956 483 3018 esse,
505 2937 540 3002 in
562 2935 620 3020 iis,
643 2957 725 3021 quae
748 2935 896 3022 proxime
920 2941 1112 3023 sequuntur,
1139 2937 1209 3022 ipse
1233 2935 1274 3003 ad
1297 2959 1357 3004 cor

195 3041 277 3110 haee
299 3042 365 3110 tria
389 3041 583 3110 contrahere
608 3066 644 3109 ae
670 3066 785 3131 cogere
807 3045 935 3111 nititur.
979 3044 1092 3110 i'erba
1115 3045 1185 3111 eius
1209 3045 1244 3111 in
1266 3043 1354 3113 huuc

196 3149 329 3219 modum
369 3173 404 3218 se
442 3149 580 3218 hubent:
641 3151 776 3220 ‘Poeta
808 3157 936 3218 autem
968 3151 1010 3218 in
1041 3149 1103 3218 his
1137 3153 1355 3220 exuberans

195 3258 332 3328 multis
351 3259 534 3327 versibus
553 3261 731 3326 ostendit
748 3260 820 3327 hoo
839 3260 879 3326 in
897 3258 984 3326 loco
1004 3281 1087 3326 csse
1106 3259 1355 3330 intellectum

196 3370 234 3433 et
266 3367 523 3454 iracundiam,
555 3367 596 3434 in
627 3365 760 3434 eodem
791 3368 910 3434 etium
943 3359 1201 3454 cupiditatem
1234 3367 1354 3436 collo·

196 3495 302 3560 oens,
340 3475 657 3564 quemadmodum
694 3474 824 3540 fucere
861 3473 1020 3543 debuit’
1077 3475 1241 3559 Deinceps
1272 3473 1354 3542 hoco

195 3582 373 3650 subnectit:
437 3583 660 3652 ‘Rationem
699 3583 799 3649 enim
840 3583 898 3650 ibi
934 3605 1019 3650 esse
1067 3582 1129 3650 his
1170 3581 1354 3650 versibus

195 3689 384 3760 declarat:

197 3795 423 3868 ‘consilium
443 3805 504 3870 ast
522 3801 628 3869 uliud
648 3799 890 3889 prudensque
908 3799 949 3867 in
971 3803 1131 3886 pectore
1153 3821 1262 3868 meus
1286 3803 1355 3867 est

196 3905 337 3976 Verum
361 3911 488 3980 animo
510 3933 705 3998 nunquam
727 3913 862 3978 nostro
886 3909 956 3976 sub
978 3912 1138 3996 pectore
1161 3907 1308 3976 suesit'

194 4013 359 4103 Deinceps
391 4019 541 4105 pluribus
574 4019 723 4086 versibus
757 4017 867 4085 allatis
899 4017 948 4084 ita
979 4017 1076 4084 dicit:
1126 4015 1231 4084 ‘dam
1261 4039 1354 4086 vero

148 4195 154 4202 ,
197 4123 316 4192 etiem
339 4127 601 4213 cupidi-tatem
626 4127 688 4194 hic
713 4147 799 4193 esse
823 4125 887 4192 his
911 4125 1089 4192 ostendit
1111 4125 1309 4194 versibus:

197 4230 377 4322 ‘nomque
401 4234 501 4302 olias
521 4236 688 4303 animum
702 4256 897 4322 nunquam
918 4233 988 4302 sub
1002 4239 1160 4322 pectore
1177 4237 1353 4304 nostrum

198 4363 265 4410 seu
286 4343 357 4410 dee
380 4365 446 4412 seu
468 4343 608 4412 mulier
632 4347 742 4412 tanto
765 4343 942 4412 devinxit
965 4341 1114 4412 amore?
