2992 5034
614 347 861 413 -495-

143 507 215 574 καὶ
250 503 480 589 πλεονάζουσα
516 509 580 576 τοῦ
615 505 845 594 προσήκοντος
876 501 897 594 ἡ
937 503 1020 575 κατὰ
1059 503 1140 587 τοὺς
1175 503 1318 595 θνμοός.

143 611 260 703 ταότη
283 640 318 682 τε
342 604 408 684 οὖν
431 615 599 703 ἔνι’ργειαί
618 642 652 684 τε
676 611 745 702 ἅμα
768 615 822 683 καὶ
845 617 849 704 Ι
869 613 964 702 πάθη
988 613 1211 704 λεχθήσονται
1234 611 1315 684 καθ’
1327 633 1386 690 51⁰

144 725 273 806 ε”τερον
295 723 348 790 καὶ
380 725 495 810 ἕτερον
522 723 774 812 σημαινόμενον
798 721 819 810 ἣ
846 749 880 792 τε
908 719 995 811 ὀργὴ
1018 725 1073 792 καλ
1102 719 1123 811 ἡ
1151 723 1239 812 λόπη
1262 723 1317 794 καλ

146 827 170 896 ὁ
200 831 309 914 pipios
330 831 386 900 καὶ
410 829 431 919 ἡ
455 833 617 920 ἐπιθυμία
643 833 708 918 [καλ
735 829 753 900 ό
778 830 902 919 θυμὸς]
926 828 990 899 ὅσα
1012 857 1046 899 τε
1073 829 1318 902 ἄλλατοιαῦτα

146 937 211 1004 καὶ
241 941 376 1022 προσέτι
405 937 484 1008 καθ’
515 939 600 1010 ὅσον
623 938 706 1009 ὅλον
732 937 770 1008 τὸ
795 943 891 1028 σῶμα
914 937 996 1027 μετὰ
1023 942 1082 1026 τῆς
1105 943 1213 1028 ψυχῆς
1234 937 1346 1010 ἀπό-ι

147 1071 247 1132 γετιιι
277 1045 362 1135 πρὸς
390 1045 518 1134 αὐτῶν,
552 1045 573 1138 ἡ
602 1055 734 1136 κίνησις
763 1051 827 1117 τοῦ
859 1047 946 1140 ζῴον
976 1045 1088 1127 πάθος
1115 1053 1207 1117 ἔσται
1235 1047 1318 1118 κατὰ
1366 1094 1373 1110 ·

147 1152 259 1240 ἄμφω
283 1153 323 1225 τὰ
348 1155 591 1246 σημαινόμενα.
626 1155 786 1236 πολλάκις
808 1155 871 1244 μὲν
893 1153 958 1243 γὰρ
982 1153 1093 1224 ἕπεται
1115 1158 1161 1248 τῷ
1180 1163 1318 1246 θυμοει-

150 1267 212 1330 ὸεῖ
237 1261 278 1331 τὰ
306 1263 408 1332 λοιπὰ
436 1263 516 1350 δύο,
552 1263 712 1346 πολλάκις
744 1264 781 1332 ὀὶ
809 1267 855 1356 τῷ
888 1265 1133 1355 ἐπιθυμητικῷ,
1164 1265 1319 1352 καθάπερ

150 1369 323 1458 ἑλκόμενά
349 1397 384 1440 τε
412 1373 465 1442 καὶ
496 1373 668 1462 συρόμενα
695 1372 931 1462 παραπλήσιον
962 1369 1105 1458 τρόπον,
1133 1369 1180 1453 ὥς
1205 1377 1237 1442 εἰ
1262 1373 1318 1442 καὶ

153 1483 349 1566 ξυνιορίὸος
380 1483 493 1549 ἵππων
524 1477 543 1550 ό
575 1481 639 1570 piu
666 1483 778 1570 ε”τερος
810 1479 1029 1568 ἰσχυρότερον
1061 1475 1142 1568 ξιξας
1168 1479 1318 1568 ἐπισύρει
1335 1507 1361 1546 ιο

151 1588 221 1656 τόν
245 1589 361 1675 ἕτερον
387 1585 456 1676 ἅμα
479 1588 586 1682 εἀντῷ
608 1587 689 1678 μετὰ
717 1595 779 1658 τοῦ
807 1589 1001 1677 σύμπαντος
1027 1583 1176 1675 ἅρματός
1201 1613 1237 1658 τε
1262 1589 1318 1658 καὶ

153 1695 314 1784 ἡνιόχου,
338 1693 357 1764 ὁ
377 1695 413 1765 δὲ
433 1697 545 1784 ἕτερος
563 1695 628 1767 ὑπὸ
648 1695 829 1778 ἀσθενείας
846 1699 957 1766 ἕπεται
976 1695 1195 1783 κατεπτηχός,
1217 1693 1321 1778 αὐτὸς

152 1805 194 1872 ὁὶ
227 1801 246 1872 ὁ
279 1801 412 1892 ἡνίοχος
438 1801 639 1895 ἀποφέρεται
668 1811 735 1896 βίᾳ.
784 1809 967 1894 τηνικαῦτα
1000 1803 1065 1892 γὰρ
1097 1799 1117 1891 ἡ
1146 1801 1209 1892 μὲν
1235 1803 1320 1876 κατὰ
1399 1887 1405 1894 ‚

150 1911 221 1982 τὸν
256 1917 404 2001 ἔκφορον
436 1915 541 1981 ἵππον
571 1921 704 2001 κίνησις
737 1913 888 2002 ἐνέργειά
919 1940 954 1982 τε
987 1913 1042 1980 καὶ
1074 1909 1187 1992 πόθος
1214 1909 1321 1984 αὐτοῦ

151 2021 376 2110 λεχθήσεται,
409 2021 491 2090 κατὰ
525 2021 588 2111 μὲν
618 2019 656 2090 τὸ
685 2021 852 2109 πρότερον
879 2020 1132 2112 σημαινόμενον
1159 2019 1362 2108 ἐνέργεια,ιν

150 2137 294 2216 κίνησις
315 2127 381 2217 γάρ
405 2129 496 2198 ἐστιν
515 2131 549 2212 ἐξ
573 2129 707 2216 ἑαυτοῦ,
730 2129 814 2200 κατὰ
838 2131 874 2200 ὀὶ
898 2129 936 2200 τὸ
962 2127 1122 2218 δεύτερον
1145 2125 1208 2198 οὐκ
1230 2129 1321 2218 ἐνέρ-

195 2373 212 2419 ‘.²
244 2383 270 2418 τε
300 2357 354 2420 οὖν
378 2362 402 2418 L
430 2363 502 2434 γοῦν
530 2363 706 2421 Malacha.
736 2395 769 2408 -
795 2373 812 2422 3
840 2364 938 2435 ἕτερον
964 2364 1014 2422 καλ
1037 2363 1059 2420 L
1088 2359 1188 2433 ἴτερόν
1214 2381 1244 2422 τε
1271 2363 1319 2420 καλ

151 2435 328 2493 MABCLK
361 2465 396 2476 -
420 2433 702 2508 σημαινομενόμενον
725 2439 763 2494 Μ.
787 2469 823 2482 -
847 2445 863 2494 4
882 2437 932 2494 καὶ
950 2431 966 2492 ὁ
985 2433 1082 2507 θυμός
1104 2435 1184 2491 uncie
1207 2435 1322 2492 inclusa·

150 2529 229 2566 amu.
251 2539 284 2548 -
304 2515 320 2564 θ
340 2502 431 2563 αότόν
450 2507 481 2562 L.
502 2539 535 2551 —
557 2515 571 2564 ’λ
591 2509 734 2578 θυμοειδῆ
755 2511 793 2566 M.
814 2543 846 2552 -
873 2517 888 2565 9
908 2505 947 2572 ός
966 2507 1033 2564 211,
1053 2503 1119 2562 ὦσελ
1139 2505 1322 2576 Malacam

151 2587 186 2638 cf
220 2579 307 2636 I'roll.
331 2599 359 2652 p.
383 2587 427 2636 36.
454 2609 485 2621 -
517 2589 550 2634 10
573 2583 728 2648 σονωρλὸος
753 2579 775 2636 L
803 2584 957 2650 ξυνωρίόες
979 2577 1145 2636 MABchK
1167 2581 1323 2650 ξυνωρίδος

152 2672 217 2712 uos.
240 2683 273 2693 -
293 2651 378 2718 αι’ξας
396 2651 569 2708 Luchu.
588 2683 621 2696 ·-
644 2661 677 2708 16
696 2653 808 2724 πρῶτον
827 2650 1039 2725 σημαινόμενον
1057 2651 1088 2708 1..
1107 2681 1142 2693 -

155 2799 377 2812 ---—..—.—-

152 2891 266 2960 motio
285 2886 489 2976 iracundiae3
513 2892 549 2956 at
571 2912 654 2977 quae
673 2891 707 2956 in
726 2891 776 2956 ira
799 2891 846 2976 fit,
869 2889 1001 2958 modam
1021 2887 1149 2956 excedit
1171 2888 1322 2977 iustoque

152 3001 268 3066 maior
292 3001 352 3062 est.
397 2995 470 3064 Hae
497 2997 601 3084 igitur
624 2999 752 3064 ratione
777 2999 875 3065 simul
899 3005 931 3065 et
960 2999 1105 3065 actiones
1130 3001 1163 3063 et
1186 2999 1323 3065 effeetus

153 3109 226 3175 alia
252 3123 351 3192 atque
379 3105 446 3171 alia
474 3105 715 3191 significatione
744 3107 809 3192 ira,
837 3129 980 3192 maeror,
1012 3107 1126 3193 timor,
1159 3106 1323 3192 cupiditas

152 3216 372 3300 eiusdemque
409 3213 538 3300 generis
575 3213 701 3298 reliqua
738 3213 901 3300 (lieentum
942 3219 1125 3300 praeterea,
1161 3219 1323 3301 quatenus

153 3331 268 3391 totum
294 3343 413 3406 eorpus
443 3341 508 3386 una
537 3343 609 3387 cum
639 3321 749 3387 animo
778 3321 820 3387 ab
849 3322 902 3388 his
930 3321 1103 3408 abripitur,
1126 3323 1230 3389 motio
1254 3323 1323 3390 ani·

154 3431 257 3500 malis
282 3428 414 3495 affectio
438 3429 503 3493 erit
526 3433 662 3516 utraque
685 3429 718 3494 ri
743 3428 844 3494 verbi.
892 3429 995 3516 Saepe
1019 3429 1107 3494 euim
1131 3431 1178 3516 m,
1200 3433 1239 3496 ut
1260 3429 1322 3497 ira-

154 3539 323 3618 cundiam,
348 3557 455 3620 saepe,
478 3541 514 3602 ut
539 3537 753 3622 cupiditatem
777 3537 922 3623 reliquae
945 3537 1028 3602 duae
1052 3541 1164 3622 partes
1189 3559 1323 3625 sequan-

154 3661 214 3716 tur
248 3650 375 3713 traetae
408 3649 441 3708 et
474 3645 630 3728 abreptae
662 3667 728 3711 nou
758 3667 851 3712 secus
884 3649 982 3730 atque
1016 3645 1050 3710 iu
1079 3645 1166 3732 bigis
1194 3647 1324 3712 evenire

153 3760 257 3840 solet,
285 3753 342 3820 ubi
370 3751 455 3817 alter
482 3773 582 3838 equus
616 3751 860 3819 vehementiore
894 3753 1021 3837 impetu
1050 3774 1150 3818 rueaa
1183 3753 1323 3818 alterum

153 3889 222 3932 uua
253 3885 327 3930 eum
356 3863 428 3927 toto
456 3881 552 3924 curru
581 3863 613 3924 et
641 3875 905 3926 rectore-seeum
930 3859 1048 3944 trahit,
1077 3859 1160 3926 alter
1188 3865 1325 3947 propter

155 3971 426 4042 imbecillitatem
446 3973 674 4032 consternatus
700 3969 847 4052 sequitur
866 3973 964 4056 atque
988 3969 1088 4036 etiam
1113 3957 1229 4056 auriga
1253 3968 1324 4056 ipse

153 4083 187 4146 vi
225 4077 385 4144 aufertur.
442 4073 524 4139 Tum
559 4075 707 4140 effrenati
742 4075 817 4160 equi
856 4083 964 4142 motus
1002 4075 1066 4142 diei
1103 4083 1135 4140 et
1166 4075 1254 4143 actio
1292 4080 1324 4142 et

153 4185 291 4254 ati'eetio
321 4181 391 4248 eius
420 4186 544 4266 potest,
572 4183 659 4247 aetio
688 4181 796 4268 priore
826 4183 1082 4268 significatione,
1110 4183 1186 4270 quia
1215 4189 1324 4251 motus

152 4321 193 4361 ex
226 4317 262 4358 se
296 4291 370 4376 ipso
399 4291 463 4372 eat,
498 4289 602 4354 altera
630 4311 708 4354 aero
737 4313 802 4355 nou
831 4291 933 4374 aetio,
965 4313 1039 4358 cum
1072 4295 1181 4358 motus
1210 4297 1325 4360 contra

151 4416 314 4474 naturam
354 4391 385 4460 ei
423 4403 487 4482 est,
523 4397 579 4464 aaa]
618 4397 756 4464 atter-tio.
811 4399 857 4464 At
895 4399 1030 4486 aurigae
1063 4407 1172 4466 motus
1209 4405 1326 4468 neutra
