2992 5034
685 297 930 366 -512-

227 461 383 526 τοιοῦτον
405 473 475 538 τοῖς
501 473 621 544 φυτοῖς
644 456 681 526 τὸ
710 459 814 544 πέρας
841 461 898 545 τῆς
922 457 1085 542 ῥιζώσεως
1108 453 1253 545 ἀτεχνῶς
1280 455 1387 542 φάναι

226 568 322 634 δοκεῖ
343 572 531 652 στοματίων
561 569 696 634 πολλῶν
724 563 892 633 ἑλκόντων
920 568 956 634 έκ
986 569 1045 653 της
1072 570 1132 654 γης
1160 564 1293 652 τροιρην
1323 561 1388 632 ὑπὸ

224 676 284 760 τῆς
306 672 440 758 φύσεως
463 673 809 762 δεδημιουργημένην.
849 670 909 760 ἄγε
934 673 976 760 dri
1000 701 1055 760 μοι
1082 673 1145 761 τὴν
1168 673 1284 742 εἰκόνα
1307 671 1386 741 κάπὶ

225 779 266 848 τὰ
290 783 356 872 ζῷα
379 781 563 868 μετένεγκε.
608 783 660 849 καὶ
691 781 910 868 πρῶτονμὲν
934 782 1105 862 ἐπίσκεψαι
1132 781 1196 868 την
1225 789 1390 868 μεγίστην

198 885 406 975 εᾶρτηρίαν,
441 887 510 975 ἥτις
542 887 653 974 ὥσπερ
680 890 833 974 πρέμνον
862 889 1034 976 ε’κηύοοσα
1056 884 1121 975 ’τῆς
1148 893 1287 974 καρὸιάς
1316 893 1390 956 dm-

226 1003 381 1083 σχίζεται,
404 999 449 1086 τῷ
474 995 537 1082 μὲν
560 995 660 1086 ἑτέρῳ
684 998 776 1083 μέρει
800 1001 845 1088 τῷ
866 998 1071 1088 σμικροτέρῳ
1095 994 1180 1080 πρὸς
1202 993 1265 1082 την
1287 1021 1390 1080 repu-

225 1103 290 1190 λην
318 1100 570 1192 ιῖιιαφερομείιη.
604 1104 736 1195 θατέρῳ
771 1103 807 1172 di
837 1109 883 1194 τῷ
911 1111 1035 1192 μείζονι
1065 1101 1147 1171 κατὰ
1176 1107 1234 1190 της
1261 1103 1391 1190 ῥάχεως

226 1212 433 1300 ἐκτεταμένη.
482 1212 604 1278 θέασαι
638 1211 675 1278 δὲ
709 1212 782 1299 ἑξης
815 1211 944 1280 dartana
974 1208 1077 1298 αιἰτης
1104 1208 1144 1278 τὰ
1172 1211 1390 1298 βλαστήματα

224 1319 368 1389 πάντοσε
393 1323 455 1388 τοῦ
473 1317 626 1406 σώματος
644 1319 815 1406 φερόμενα
838 1318 918 1388 καθ’
945 1316 987 1388 ὃν
1011 1321 1048 1387 ε’ν
1070 1322 1116 1410 τῷ
1141 1317 1260 1408 πρώτῳ
1283 1319 1390 1406 γράμ-

159 1447 302 1516 ἵιξῑιματι
331 1429 476 1496 λέλεκται
509 1428 513 1514 i
542 1425 685 1512 τρόπον.
719 1427 835 1516 ἑτέραν
867 1427 904 1495 di
933 1423 1097 1514 ἀρτηρίαν
1129 1427 1165 1494 εἰι
1193 1429 1252 1514 της
1283 1423 1391 1514 αὐτῆς

186 1559 209 1596 ιι
224 1541 353 1616 κοιλίας
384 1538 442 1622 της
473 1539 614 1620 καρὸίας
650 1535 895 1622 ἐκφερομένην.
936 1533 998 1620 την
1035 1539 1083 1613 εἰς
1117 1532 1178 1602 τὸν
1211 1533 1389 1622 πνεύμονα

224 1643 507 1730 κατασχιζομένην
530 1639 702 1728 εἰνάλομον
731 1645 775 1732 τῷ
805 1641 989 1728 καθήκοντι
1017 1643 1107 1728 μέρει
1136 1645 1195 1728 τῆς
1223 1641 1390 1727 ῥιζώσεως

225 1756 272 1831 ει’ς
294 1750 357 1838 την
380 1754 454 1838 μην.
490 1749 600 1836 ὥσπερ
625 1751 688 1836 γὰρ
714 1751 749 1816 έκ
773 1753 831 1835 της
854 1753 914 1836 γῆς
937 1747 976 1818 τὰ
1000 1749 1089 1835 οντα
1114 1749 1171 1817 ded
1194 1753 1263 1817 τῶν
1285 1752 1390 1833 ῥιζῶν

224 1857 358 1926 ἃπασαν
385 1860 559 1926 ἐπισπᾶται
589 1857 652 1944 την
681 1855 828 1945 τροφήν,
859 1855 965 1935 οὔτως
994 1859 1029 1924 έκ
1056 1860 1118 1926 τοῦ
1144 1855 1336 1944 πνεύμονος
1369 1857 1387 1946 ἡ

186 1986 211 2027 1⁵
225 1969 347 2052 rnpdt'rr
370 1965 431 2034 τὸν
458 1963 540 2052 ἀέρα
568 1965 624 2034 ded
654 1969 721 2034 τῶν
753 1965 941 2052 εἰρημένων
970 1961 1147 2052 ἀρτηριῶν.
1194 1957 1291 2034 αὗται
1321 1967 1388 2035 δύο

224 2073 288 2161 μέν
310 2078 368 2161 της
390 2078 531 2160 καρδίας
554 2075 780 2158 ε’κτιερύκασιν
803 2069 956 2156 ἀρτηρίαι
981 2073 1131 2158 μέγισται
1155 2077 1224 2140 τῶν
1252 2077 1390 2142 οἰκείων

225 2179 535 2269 &superaspersa
560 2180 720 2266 ἑκάτεραι.
756 2181 810 2247 καὶ
836 2179 989 2265 καθάπερ
1013 2183 1051 2247 εἰ·
1073 2185 1118 2270 τῷ
1143 2185 1238 2272 φυτῷ
1262 2181 1299 2249 τὸ
1324 2183 1390 2270 μὶν

261 2469 565 2541 3δε’δημιοι’ρ·,ἠμε’να
584 2471 621 2525 u.
707 2473 808 2540 etpost
832 2469 889 2542 ζῷα
908 2486 958 2523 nos
978 2467 1128 2539 μετένεηκε
1150 2469 1330 2534 inseminatum
1349 2473 1388 2526 et.

226 2541 311 2598 Pron.
331 2561 357 2612 p.
376 2550 435 2598 109.
451 2575 485 2584 -
506 2537 663 2609 Ίθᾶτεροι
678 2542 715 2596 M.
737 2573 767 2582 -
791 2549 823 2595 15
839 2541 895 2596 τιόν
909 2536 983 2609 ἀέρα
999 2541 1035 2596 n.
1058 2572 1088 2581 -
1112 2547 1143 2594 Π
1161 2535 1283 2610 εἰιὶτερα
1298 2543 1335 2598 n.
1349 2575 1387 2585 -

226 2833 372 2900 radicum
406 2835 602 2920 simpliciter
634 2835 698 2900 diei
731 2857 827 2919 posse
860 2833 1000 2916 ridetur,
1033 2855 1106 2898 eum
1136 2833 1247 2900 oscula
1279 2835 1387 2902 multa

226 2943 462 3009 nutrimentum
492 2967 511 3008 a
539 2949 658 3008 nutura
693 2946 920 3026 praeparatum
951 2963 968 3003 ε
1000 2948 1089 3006 terra
1117 2942 1262 3008 trahant
1312 2945 1388 3030 Age

227 3073 303 3116 reru
336 3049 421 3116 huno
452 3051 699 3116 similitudinem
733 3051 772 3114 ad
807 3049 965 3114 aerim-alia
996 3049 1138 3114 transfer
1170 3073 1207 3114 ae
1242 3053 1387 3136 primum

185 3243 188 3246 Ι
226 3157 309 3224 mihi
333 3159 510 3224 maximam
530 3159 686 3224 arteriam
710 3158 845 3243 inspice,
868 3181 951 3244 qnae
975 3157 1069 3242 quasi
1093 3161 1226 3223 truncus
1247 3181 1264 3224 e
1287 3159 1387 3224 corde

226 3271 340 3332 exorta
363 3266 397 3331 in
421 3265 502 3332 duos
525 3289 635 3332 ramos
655 3265 823 3348 scinditur,
847 3287 985 3351 quornm
1005 3265 1097 3348 alter,
1120 3265 1176 3350 qui
1195 3265 1304 3332 minor
1326 3271 1389 3350 est,

225 3373 268 3442 ad
291 3379 389 3460 capnt
414 3374 592 3458 adscendit,
616 3375 708 3456 alter,
731 3373 786 3458 qui
811 3373 917 3440 maior
941 3379 1000 3456 est,
1024 3373 1064 3437 ad
1090 3373 1218 3457 spinam
1242 3373 1387 3458 explica·

226 3486 288 3548 tur.
334 3481 465 3548 Intuere
489 3483 589 3548 etiam
614 3504 726 3548 omnes
751 3480 819 3546 eius
844 3481 1043 3566 propagines
1068 3505 1106 3546 eo
1131 3481 1238 3562 modo,
1261 3505 1325 3568 quo
1350 3481 1387 3548 in

226 3591 333 3676 primo
366 3591 453 3658 libro
490 3591 718 3674 disseruimus,
754 3612 812 3674 per
851 3593 957 3654 totmn
997 3612 1115 3674 eorpus
1148 3587 1313 3674 dispersas
1351 3599 1389 3654 et
1467 3638 1471 3645 -

226 3697 364 3764 alteram
388 3699 544 3764 arteriam
564 3721 603 3764 ex
627 3698 740 3764 eodem
764 3696 870 3762 eordis
895 3697 968 3763 sinu
988 3701 1168 3778 exeuntem,
1191 3719 1273 3782 qnae
1296 3701 1386 3782 parti

226 3805 379 3890 stirpium
408 3805 443 3870 in
472 3811 593 3871 terram
625 3805 751 3870 radices
783 3805 893 3892 agenti
922 3827 1078 3890 perquam
1109 3805 1228 3870 similis
1251 3807 1286 3870 in
1314 3805 1388 3890 pul·

225 3933 338 3978 mones
368 3913 577 4000 dispergitur.
628 3911 909 3992 Quemadmodum
938 3911 1025 3978 enim
1059 3935 1096 3976 ex
1129 3910 1230 3978 humo
1264 3911 1386 3998 stirpes

225 4042 285 4106 per
316 4021 441 4086 radices
471 4021 663 4088 alimentum
693 4043 788 4086 omne
817 4021 1020 4106 concipiunt,
1053 4019 1099 4086 ita
1128 4041 1145 4083 e
1174 4019 1387 4106 pulmonibus

226 4151 284 4194 cor
306 4133 414 4193 airum
439 4151 497 4214 per
520 4129 595 4211 has,
619 4153 699 4216 quas
724 4129 805 4213 dixi,
833 4129 971 4194 arterias
997 4125 1144 4193 attrahit
1190 4129 1298 4216 Atque
1320 4127 1386 4195 hae

225 4237 308 4300 duae
331 4235 462 4322 quidem
487 4259 504 4300 e
532 4237 628 4302 eorde
652 4243 841 4302 emanantes
870 4235 1009 4302 arteriae
1040 4235 1179 4301 maiores
1204 4238 1272 4304 suis
1297 4241 1386 4304 utru-

226 4365 287 4427 que
312 4345 551 4430 propaginibus
571 4347 742 4410 exsistunt.
779 4345 823 4410 nt
842 4345 930 4410 velut
950 4345 984 4410 iu
1007 4343 1109 4429 stirpe
1132 4367 1210 4430 pars
1230 4369 1278 4430 ea,
1300 4367 1386 4431 qnae
