2992 5034
566 281 908 400 -na1--¹

87 493 254 564 τουτέστι
277 495 317 582 τῇ
341 497 444 580 σαρκί
463 517 498 562 τε
520 491 576 562 καὶ
598 495 640 582 τῇ
662 489 762 584 ούσίᾳ
784 495 825 582 τῇ
844 491 977 580 ἑαυτοῦ,
998 494 1045 586 τῷ
1068 491 1266 585 καλουμένῳ

88 600 189 688 πρὸς
212 601 316 668 ἐνίων
338 603 465 688 ἰατρῶν
491 599 728 690 τιαρεγχύματι.
773 601 916 671 ἕκαστον
943 598 1008 688 γὰρ
1035 603 1104 672 τῶν
1131 595 1265 690 ὀργανι-

89 712 175 778 κῶν
198 712 261 778 τοῦ
285 707 372 802 ζῴον
394 713 539 798 μορίοιν,
563 707 733 778 σύνθετον
755 705 910 797 ὑπάρχον
939 711 973 792 ἐξ
996 708 1120 796 ε’τέροιν
1142 704 1266 778 ἁπλου-

91 817 236 904 στίριον
258 822 407 907 μορίοιν,
429 815 563 898 πάντας
586 815 677 886 ίδιόν
698 843 731 886 τι
754 821 913 886 τοιοῦτον
935 813 1075 906 ὑπάρχει
1097 813 1181 886 κατὰ
1203 813 1267 904 τὴν

91 922 245 1012 οὐσίαν,
273 919 349 996 οἷον
376 922 440 996 ούκ
467 923 562 1008 ἄλλο,
577 921 658 994 καθ’
693 922 776 994 ὅλον
802 928 865 994 τοῦ
893 923 980 1017 ζῴου
1006 923 1044 994 τὸ
1073 927 1179 1014 σῶμα.
1227 923 1295 994 τὸν

92 1037 192 1121 γοῦν
223 1037 284 1122 τῆς
311 1033 455 1123 γαστρὸς
486 1036 582 1124 σῶμα
610 1037 702 1104 ίὸιον
729 1027 805 1104 οἷον
833 1029 896 1102 ούκ
925 1035 1008 1102 ἄλλο
1034 1035 1104 1104 τῶν
1129 1029 1268 1104 πάντων

92 1144 213 1212 ἐστίν·
242 1139 403 1224 ῶσαύτως
429 1141 468 1212 δὲ
494 1141 550 1211 καί
575 1144 580 1230 Ι
603 1140 642 1211 τὸ
670 1145 734 1212 τού
760 1139 908 1230 σπληνὸς
936 1138 1124 1228 ἐγκεφάλου
1148 1165 1185 1208 τε
1210 1139 1335 1216 καίων
1439 1149 1444 1156 ’

93 1251 244 1338 νεφρῶν
267 1250 323 1320 καί
342 1249 489 1338 γλῶττης
511 1250 567 1320 καὶ
586 1245 777 1338 ὀφθαλμῶν
794 1250 851 1320 καλ
874 1247 1026 1320 κύστεων
1046 1247 1103 1318 καί
1122 1251 1269 1338 μητρῶν.

93 1357 262 1446 ἀρτηρίαι
281 1357 345 1448 μὲν
363 1351 429 1428 ούν
446 1360 503 1428 καὶ
527 1362 632 1446 νεῦρα
650 1359 704 1428 καί
724 1358 846 1447 φλέβες
864 1355 1051 1448 ἐμφύονται
1073 1371 1145 1438 τοῖς
1167 1353 1268 1446 ὀργεί-

95 1493 181 1546 νοις
203 1467 302 1535 ἕνεκα
324 1471 437 1555 χρείας
465 1469 599 1555 κοινῆς,
627 1453 790 1548 ῶσαύτιος
816 1465 854 1536 (ll
881 1468 986 1547 ἐνίοις
1012 1460 1126 1534 αὐτῶν
1148 1460 1309 1552 ύμένεςιο

97 1601 137 1644 τε
166 1575 223 1644 καὶ
249 1573 449 1663 σύνδεσμοι·
472 1572 510 1644 τὸ
535 1573 573 1644 (ll
596 1577 689 1644 ίὸιον
712 1573 854 1646 ἑκάστου
882 1573 1037 1664 σῶματος
1061 1571 1165 1662 χωρὶς
1192 1569 1269 1642 τού-

96 1711 174 1752 των
197 1683 280 1765 ἐστί,
303 1680 358 1752 διὸ
382 1683 437 1752 καί
460 1680 525 1771 τὴν
548 1681 721 1771 ἐνέργειαν
745 1683 915 1771 ἐξαίρετον
939 1676 959 1770 ἢ
981 1671 1086 1750 τᾶλλα
1107 1679 1270 1769 κέκτηται.

99 1791 194 1860 κατὰ
222 1791 286 1879 μὲν
314 1789 379 1880 γὰρ
405 1788 443 1860 τὸ
472 1790 592 1860 κοινὸν
619 1787 748 1878 ἀνάγκη
781 1790 892 1878 δήπου
918 1789 975 1860 καί
1005 1788 1069 1877 τὴν
1097 1787 1270 1876 ἐνέργειαν

99 1899 197 1970 εἶναι
222 1899 358 1988 κοινήν·
382 1894 425 1968 οὐ
447 1895 512 1986 γὰρ
532 1893 661 1968 οἷόντε
684 1898 767 1968 κατὰ
790 1897 870 1980 τοὺς
891 1897 1017 1978 τύπους
1037 1899 1100 1965 τού
1117 1895 1272 1984 σῶμοτος
1344 1973 1350 1982 ,

99 2007 378 2076 ἰαταλλιὲττεσθαι
402 2004 527 2095 φλεβὸς
555 2001 577 2094 ἢ
606 2004 766 2096 ἀρτηρίας
797 2002 818 2094 ἢ
846 2005 973 2094 νεύρου
994 2002 1057 2092 τὴν
1085 2001 1270 2092 ἐνέργειαν,
1284 2027 1311 2070 ιε

97 2115 192 2185 ἀλλὰ
220 2113 264 2184 ίιν
291 2141 326 2184 τε
358 2113 442 2184 κατὰ
473 2113 538 2202 τὴν
569 2113 717 2203 πτέρναν
744 2113 789 2184 ἄν
816 2141 852 2184 τε
884 2110 968 2182 κατὰ
995 2109 1057 2181 τὸν
1083 2109 1270 2200 ἐγκέφαλον

139 2361 158 2408 ‘2
181 2349 303 2406 ἕκαστον
324 2345 379 2421 γὰρ
397 2371 423 2406 ιι.
442 2369 465 2406 τ.
480 2352 503 2408 λ.
523 2367 613 2422 nequa
631 2349 668 2406 ud
686 2345 803 2405 πάντων
823 2343 900 2404 ἐστίν
915 2345 1024 2403 Oribae.
1044 2345 1062 2402 l.
1082 2345 1101 2401 l.
1121 2375 1155 2386 -
1174 2351 1191 2400 3
1203 2339 1270 2430 Jal-

102 2445 169 2492 ρων
188 2421 336 2502 τλαστέιην
355 2415 372 2492 ἢ
393 2424 499 2494 μορίαν
517 2420 556 2478 ll.
575 2453 610 2466 ·-
630 2429 645 2476 4
665 2415 810 2490 κῶντωςῆ
832 2415 919 2490 alienu
937 2439 964 2474 τι
978 2417 1039 2486 (aial
1053 2417 1091 2472 M.
1111 2449 1145 2458 -
1165 2423 1183 2472 a
1201 2420 1270 2474 ολοτ

98 2497 189 2551 rodel.
214 2495 277 2551 eda.
291 2497 369 2550 -ολον
391 2511 451 2551 noa.
477 2526 511 2537 -
536 2501 553 2550 a
577 2487 608 2549 τύ
633 2495 708 2550 ίόιον
731 2495 812 2550 codd.
832 2493 894 2548 eald.
917 2489 950 2548 τὸ
974 2489 1138 2546 ἀεὶοτίωιει.
1158 2519 1191 2530 -
1216 2483 1269 2545 ούκ

99 2567 198 2630 «iiluna
217 2568 254 2622 ll.
275 2597 308 2608 -
330 2575 362 2621 Η
382 2563 460 2636 παρὰ
480 2561 548 2630 τούς
566 2561 673 2630 τόκους
690 2565 771 2624 codd.
787 2565 850 2624 add.
869 2559 942 2619 κατὰ
962 2582 986 2618 τ.
1004 2582 1028 2618 τ.
1048 2579 1113 2630 nom
1132 2559 1168 2618 ci·
1181 2559 1269 2616 Proll

104 2665 130 2701 n.
157 2649 218 2696 lul.
239 2670 271 2681 -
295 2647 327 2695 lia
346 2634 452 2708 νεύρου
471 2633 620 2710 ἐνέργειαν
639 2637 676 2693 Μ.
695 2669 731 2680 -

102 2785 325 2798 .⁴—-—.-*

100 2883 175 2948 lem
200 2877 274 2960 sibi,
297 2875 361 2942 hoa
381 2879 432 2942 est
450 2875 541 2942 cami
565 2877 834 2962 substantiaeque
854 2895 941 2959 suae,
963 2855 1046 2961 quae
1065 2894 1085 2937 u
1103 2869 1270 2938 nonnullis

102 2987 246 3054 medicis
271 2983 491 3071 pareuchyma
518 2983 646 3050 dieitur.
690 2983 778 3052 Nam
806 3003 1018 3070 unaquaeque
1045 3003 1123 3067 para
1147 2979 1270 3048 anima·

100 3099 162 3162 lis.
186 3117 270 3180 quae
294 3093 451 3179 organica
473 3097 618 3177 uocatur,
641 3114 716 3159 cum
740 3093 846 3158 sit'ex
870 3091 946 3158 aliis
969 3089 1121 3175 partibus
1146 3087 1270 3175 simpli-

100 3203 253 3268 eion'bns
283 3201 481 3285 compositu,
513 3201 681 3286 propriam
714 3200 878 3286 quandam
911 3197 1131 3263 substantiam
1159 3195 1271 3281 habet,

100 3311 238 3394 annalem
273 3307 357 3373 nihil
390 3307 480 3374 aliud
514 3309 548 3374 in
581 3313 652 3376 toto
682 3308 834 3374 animalis
868 3327 1013 3392 corpore„
1064 3303 1117 3371 Sic
1146 3303 1270 3370 ventris

100 3439 229 3502 eorpus
254 3417 424 3501 proprium
449 3417 604 3502 quiddam
627 3417 791 3484 diversum
816 3415 858 3481 ab
882 3413 957 3480 aliis
981 3412 1134 3480 omnibus
1156 3411 1270 3496 habat3

100 3531 187 3594 item
212 3525 318 3592 lienis.
343 3526 478 3609 cerebri,
501 3548 625 3610 renum,
647 3527 794 3609 liugane,
818 3522 996 3606 oculorum,
1018 3520 1156 3604 vesicae,
1178 3519 1270 3586 uteri.

102 3638 263 3702 ,luterine
287 3633 417 3717 quidem
442 3637 476 3698 et
498 3635 590 3700 anerei
608 3637 642 3699 et
665 3655 766 3699 venae
786 3631 969 3698 auiumuuia
992 3629 1148 3694 utilitatis
1171 3649 1271 3694 causa

101 3741 337 3812 instrumentis
369 3741 570 3826 inseruntur,
602 3743 683 3807 item
716 3739 882 3807 nonnullis
915 3759 1028 3804 eorum
1060 3735 1271 3804 membranae

101 3859 136 3918 el
164 3853 354 3938 ligamenta.
402 3849 447 3914 ,tt
471 3849 541 3915 sine
565 3849 617 3914 luis
640 3855 751 3916 tumen
775 3847 930 3932 cuiusque
954 3845 1100 3932 corporis
1123 3845 1271 3930 proprie·

102 3972 158 4028 tas
193 3967 258 4044 σείς
291 3979 391 4044 quare
424 3957 526 4022 etiam
558 3957 769 4042 praeeipuam
802 3954 965 4041 quandam
999 3962 1130 4038 praeter
1161 3955 1271 4018 cetera

102 4071 312 4136 limationem
354 4064 464 4130 habet.
530 4063 695 4131 Nimirum
736 4064 771 4130 iu
804 4062 969 4130 communi
1008 4061 1190 4128 eommunia
1227 4059 1272 4125 ait
1300 4043 1307 4052 ⁸

103 4177 236 4246 l‘nnetiu
260 4196 392 4240 necesse
415 4179 480 4258 est3
503 4195 609 4258 neque
632 4172 719 4240 enim
743 4171 813 4238 lieri
838 4175 961 4258 potest,
984 4175 1022 4235 nt
1039 4169 1074 4234 in
1097 4167 1180 4233 loeis
1203 4187 1272 4234 οοτ-

105 4288 198 4372 pnris
224 4289 279 4348 nint
309 4303 410 4348 venae
434 4285 491 4346 aut
519 4279 659 4346 arteriae
683 4285 741 4344 unt
763 4279 853 4344 nemi
878 4278 1004 4344 timelio
1028 4275 1186 4359 varietur,
1214 4273 1270 4340 sed

104 4399 176 4460 nn·
207 4393 242 4458 iu
266 4392 355 4457 ealce
382 4392 452 4456 sive
481 4391 514 4456 in
543 4391 677 4455 cerebro
706 4387 861 4452 arteriam
886 4387 1087 4468 consideres,
1115 4383 1271 4450 eontinuo

162 4509 246 4552 mun
261 4511 289 4548 u·
303 4507 365 4548 ene.
380 4507 440 4548 ena
454 4511 476 4548 e
490 4507 601 4556 hippon.
616 4503 677 4544 nna
1023 4497 1058 4546 aa
