<?xml version="1.0" encoding="UTF-8"?>
<!DOCTYPE html PUBLIC "-//W3C//DTD XHTML 1.0 Transitional//EN"
    "http://www.w3.org/TR/xhtml1/DTD/xhtml1-transitional.dtd">
<html xmlns="http://www.w3.org/1999/xhtml" xml:lang="en" lang="en">
 <head>
  <title>
</title>
<meta http-equiv="Content-Type" content="text/html;charset=utf-8" />
  <meta name='ocr-system' content='tesseract 3.04.00' />
  <meta name='ocr-capabilities' content='ocr_page ocr_carea ocr_par ocr_line ocrx_word'/>
</head>
<body>
  <div class='ocr_page' id='page_1' title='image "./claudiigalenide01mlgoog_0276.png"; bbox 0 0 3012 5010; ppageno 0'>
   <div class='ocr_carea' id='block_1_1' title="bbox 573 357 818 424">
    <p class='ocr_par' dir='ltr' id='par_1_1' title="bbox 573 357 818 424">
     <span class='ocr_line' id='line_1_1' title="bbox 573 357 818 424; baseline -0.016 -1"><span class='ocrx_word' id='word_1_1' title='bbox 573 393 614 405; x_wconf 89' lang='lat'>-—</span> <span class='ocrx_word' id='word_1_2' title='bbox 663 357 818 424; x_wconf 68' lang='grc' dir='ltr'><strong><em>ἳίιίι-</em></strong></span> 
     </span>
    </p>
   </div>
   <div class='ocr_carea' id='block_1_2' title="bbox 111 507 1341 2120">
    <p class='ocr_par' dir='ltr' id='par_1_2' title="bbox 111 507 1341 2120">
     <span class='ocr_line' id='line_1_2' title="bbox 114 507 1278 606; baseline 0.002 -21"><span class='ocrx_word' id='word_1_3' title='bbox 114 507 189 586; x_wconf 75' lang='grc' dir='ltr'>ῶδέ</span> <span class='ocrx_word' id='word_1_4' title='bbox 214 544 281 598; x_wconf 80' lang='grc' dir='ltr'>πως</span> <span class='ocrx_word' id='word_1_5' title='bbox 310 523 468 606; x_wconf 80' lang='grc' dir='ltr'><strong><em>ἔχουσαν·</em></strong></span> <span class='ocrx_word' id='word_1_6' title='bbox 507 519 596 606; x_wconf 73' lang='grc' dir='ltr'><strong><em>’περὶ</em></strong></span> <span class='ocrx_word' id='word_1_7' title='bbox 627 509 676 586; x_wconf 85' lang='grc' dir='ltr'>ῶν</span> <span class='ocrx_word' id='word_1_8' title='bbox 711 517 785 605; x_wconf 77' lang='grc' dir='ltr'><strong><em>έξης</em></strong></span> <span class='ocrx_word' id='word_1_9' title='bbox 818 517 1009 606; x_wconf 78' lang='grc' dir='ltr'><strong><em>ζητησωμιν</em></strong></span> <span class='ocrx_word' id='word_1_10' title='bbox 1040 522 1278 606; x_wconf 72' lang='grc' dir='ltr'><strong><em>παραπλησίως</em></strong></span> 
     </span>
     <span class='ocr_line' id='line_1_3' title="bbox 113 622 1277 715; baseline 0.003 -22"><span class='ocrx_word' id='word_1_11' title='bbox 113 622 199 695; x_wconf 66' lang='grc' dir='ltr'>’ἀπὸ</span> <span class='ocrx_word' id='word_1_12' title='bbox 231 629 290 712; x_wconf 82' lang='grc' dir='ltr'>της</span> <span class='ocrx_word' id='word_1_13' title='bbox 322 631 439 714; x_wconf 65' lang='grc' dir='ltr'><strong><em>κοινῆς</em></strong></span> <span class='ocrx_word' id='word_1_14' title='bbox 477 624 666 714; x_wconf 77' lang='grc' dir='ltr'><strong><em>ὁρμώμενοι</em></strong></span> <span class='ocrx_word' id='word_1_15' title='bbox 699 630 808 714; x_wconf 76' lang='grc' dir='ltr'><strong><em>φορᾶς</em></strong></span> <span class='ocrx_word' id='word_1_16' title='bbox 844 627 896 694; x_wconf 75' lang='lat' dir='ltr'>uui</span> <span class='ocrx_word' id='word_1_17' title='bbox 931 629 1000 694; x_wconf 87' lang='grc' dir='ltr'>τῶν</span> <span class='ocrx_word' id='word_1_18' title='bbox 1036 625 1119 695; x_wconf 76' lang='grc' dir='ltr'><strong><em>κατὰ</em></strong></span> <span class='ocrx_word' id='word_1_19' title='bbox 1151 623 1277 715; x_wconf 84' lang='grc' dir='ltr'><strong><em>ταύτην</em></strong></span> 
     </span>
     <span class='ocr_line' id='line_1_4' title="bbox 114 731 1278 823; baseline 0.003 -23"><span class='ocrx_word' id='word_1_20' title='bbox 114 733 312 820; x_wconf 65' lang='grc' dir='ltr'><strong><em>ἰίρημένων</em></strong></span> <span class='ocrx_word' id='word_1_21' title='bbox 346 735 479 823; x_wconf 70' lang='grc' dir='ltr'><strong><em>λέγων’</em></strong></span> <span class='ocrx_word' id='word_1_22' title='bbox 539 731 660 822; x_wconf 72' lang='grc' dir='ltr'><strong><em>κοινὴν</em></strong></span> <span class='ocrx_word' id='word_1_23' title='bbox 692 736 842 802; x_wconf 72' lang='grc' dir='ltr'><strong><em>ἐνταῦθα</em></strong></span> <span class='ocrx_word' id='word_1_24' title='bbox 880 732 993 822; x_wconf 78' lang='grc' dir='ltr'><strong><em>φορίιν</em></strong></span> <span class='ocrx_word' id='word_1_25' title='bbox 1030 731 1048 802; x_wconf 85' lang='grc' dir='ltr'><strong><em>ὁ</em></strong></span> <span class='ocrx_word' id='word_1_26' title='bbox 1082 733 1278 822; x_wconf 67' lang='grc' dir='ltr'><strong><em>Χρύσιππος</em></strong></span> 
     </span>
     <span class='ocr_line' id='line_1_5' title="bbox 113 839 1277 933; baseline 0.003 -25"><span class='ocrx_word' id='word_1_27' title='bbox 113 849 224 927; x_wconf 77' lang='grc' dir='ltr'><strong><em>ιίρηιιε</em></strong></span> <span class='ocrx_word' id='word_1_28' title='bbox 257 841 294 910; x_wconf 84' lang='grc' dir='ltr'>τὸ</span> <span class='ocrx_word' id='word_1_29' title='bbox 328 847 425 933; x_wconf 75' lang='grc' dir='ltr'><strong><em>κοινη</em></strong></span> <span class='ocrx_word' id='word_1_30' title='bbox 457 845 561 911; x_wconf 82' lang='grc' dir='ltr'><strong><em>πᾶσιν</em></strong></span> <span class='ocrx_word' id='word_1_31' title='bbox 594 839 791 929; x_wconf 68' lang='grc' dir='ltr'><strong><em>ἀνθρώποις</em></strong></span> <span class='ocrx_word' id='word_1_32' title='bbox 823 846 959 912; x_wconf 81' lang='grc' dir='ltr'><strong><em>ὀοκοῦν.</em></strong></span> <span class='ocrx_word' id='word_1_33' title='bbox 1008 839 1078 911; x_wconf 79' lang='grc' dir='ltr'>εἶτα</span> <span class='ocrx_word' id='word_1_34' title='bbox 1107 844 1277 931; x_wconf 78' lang='grc' dir='ltr'><strong><em>ἐπιφέρων</em></strong></span> 
     </span>
     <span class='ocr_line' id='line_1_6' title="bbox 112 947 1302 1039; baseline 0.003 -24"><span class='ocrx_word' id='word_1_35' title='bbox 112 955 203 1034; x_wconf 80' lang='grc' dir='ltr'><strong><em>φησί</em></strong></span> <span class='ocrx_word' id='word_1_36' title='bbox 222 951 288 1018; x_wconf 67' lang='grc' dir='ltr'>’καὶ</span> <span class='ocrx_word' id='word_1_37' title='bbox 308 951 360 1018; x_wconf 76' lang='grc' dir='ltr'>ἐπὶ</span> <span class='ocrx_word' id='word_1_38' title='bbox 384 948 515 1019; x_wconf 79' lang='grc' dir='ltr'><strong><em>τούτων</em></strong></span> <span class='ocrx_word' id='word_1_39' title='bbox 536 953 658 1030; x_wconf 60' lang='grc' dir='ltr'>ίιιιινῶ,1</span> <span class='ocrx_word' id='word_1_40' title='bbox 678 957 855 1036; x_wconf 80' lang='grc' dir='ltr'><strong><em>φαίνονται</em></strong></span> <span class='ocrx_word' id='word_1_41' title='bbox 883 951 1065 1038; x_wconf 80' lang='grc' dir='ltr'><strong><em>ένηνέχθαι</em></strong></span> <span class='ocrx_word' id='word_1_42' title='bbox 1084 947 1149 1019; x_wconf 77' lang='grc' dir='ltr'>ἀπὸ</span> <span class='ocrx_word' id='word_1_43' title='bbox 1174 948 1276 1039; x_wconf 68' lang='grc' dir='ltr'><strong><em>ἀρχῆς</em></strong></span> <span class='ocrx_word' id='word_1_44' title='bbox 1289 971 1302 1009; x_wconf 70' lang='lat'>5·</span> 
     </span>
     <span class='ocr_line' id='line_1_7' title="bbox 113 1055 1277 1148; baseline 0.002 -24"><span class='ocrx_word' id='word_1_45' title='bbox 113 1059 176 1137; x_wconf 69' lang='grc' dir='ltr'>ἐίς</span> <span class='ocrx_word' id='word_1_46' title='bbox 197 1057 233 1126; x_wconf 85' lang='grc' dir='ltr'>τὸ</span> <span class='ocrx_word' id='word_1_47' title='bbox 259 1055 345 1127; x_wconf 75' lang='grc' dir='ltr'><strong><em>εἶναι</em></strong></span> <span class='ocrx_word' id='word_1_48' title='bbox 365 1057 403 1126; x_wconf 86' lang='grc' dir='ltr'>τὸ</span> <span class='ocrx_word' id='word_1_49' title='bbox 424 1056 628 1147; x_wconf 79' lang='grc' dir='ltr'><strong><em>ἡγιμονικὸν</em></strong></span> <span class='ocrx_word' id='word_1_50' title='bbox 651 1055 747 1147; x_wconf 79' lang='grc' dir='ltr'><strong><em>ἡμῶν</em></strong></span> <span class='ocrx_word' id='word_1_51' title='bbox 767 1059 804 1126; x_wconf 84' lang='grc' dir='ltr'>έν</span> <span class='ocrx_word' id='word_1_52' title='bbox 827 1061 866 1148; x_wconf 68' lang='grc' dir='ltr'>τῇ</span> <span class='ocrx_word' id='word_1_53' title='bbox 885 1059 1028 1148; x_wconf 58' lang='grc' dir='ltr'><strong><em>καρδίᾳ)</em></strong></span> <span class='ocrx_word' id='word_1_54' title='bbox 1065 1055 1136 1126; x_wconf 80' lang='grc' dir='ltr'>εἶτα</span> <span class='ocrx_word' id='word_1_55' title='bbox 1160 1059 1277 1146; x_wconf 77' lang='grc' dir='ltr'><strong><em>έφεξης</em></strong></span> 
     </span>
     <span class='ocr_line' id='line_1_8' title="bbox 111 1157 1277 1254; baseline 0.003 -22"><span class='ocrx_word' id='word_1_56' title='bbox 111 1165 245 1234; x_wconf 76' lang='grc' dir='ltr'><strong><em>τούτων</em></strong></span> <span class='ocrx_word' id='word_1_57' title='bbox 272 1163 459 1254; x_wconf 73' lang='grc' dir='ltr'>ἁπτόμενος</span> <span class='ocrx_word' id='word_1_58' title='bbox 487 1165 551 1253; x_wconf 73' lang='lat' dir='ltr'>ritu</span> <span class='ocrx_word' id='word_1_59' title='bbox 583 1171 652 1236; x_wconf 82' lang='grc' dir='ltr'>τῶν</span> <span class='ocrx_word' id='word_1_60' title='bbox 680 1166 945 1254; x_wconf 74' lang='grc' dir='ltr'><strong><em>ἐπιχειρημάτων</em></strong></span> <span class='ocrx_word' id='word_1_61' title='bbox 973 1163 1086 1234; x_wconf 83' lang='grc' dir='ltr'><strong><em>αὐτῶν</em></strong></span> <span class='ocrx_word' id='word_1_62' title='bbox 1113 1157 1183 1236; x_wconf 75' lang='grc' dir='ltr'><strong><em>ῶιλέ</em></strong></span> <span class='ocrx_word' id='word_1_63' title='bbox 1207 1191 1277 1247; x_wconf 81' lang='grc' dir='ltr'>πῶς</span> 
     </span>
     <span class='ocr_line' id='line_1_9' title="bbox 113 1273 1276 1364; baseline 0 -22"><span class='ocrx_word' id='word_1_64' title='bbox 113 1273 234 1361; x_wconf 80' lang='grc' dir='ltr'><strong><em>γράφει</em></strong></span> <span class='ocrx_word' id='word_1_65' title='bbox 259 1275 342 1342; x_wconf 79' lang='grc' dir='ltr'>κατὰ</span> <span class='ocrx_word' id='word_1_66' title='bbox 371 1277 475 1357; x_wconf 84' lang='grc' dir='ltr'><strong><em>λέξιν·</em></strong></span> <span class='ocrx_word' id='word_1_67' title='bbox 511 1277 625 1363; x_wconf 66' lang='grc' dir='ltr'><strong><em>’κοινῇ</em></strong></span> <span class='ocrx_word' id='word_1_68' title='bbox 650 1276 690 1343; x_wconf 85' lang='grc' dir='ltr'>ὁέ</span> <span class='ocrx_word' id='word_1_69' title='bbox 710 1303 767 1364; x_wconf 90' lang='grc' dir='ltr'>μοι</span> <span class='ocrx_word' id='word_1_70' title='bbox 792 1279 955 1342; x_wconf 75' lang='grc' dir='ltr'><strong><em>(λυποῦσιν</em></strong></span> <span class='ocrx_word' id='word_1_71' title='bbox 984 1279 1020 1343; x_wconf 89' lang='grc' dir='ltr'>οί</span> <span class='ocrx_word' id='word_1_72' title='bbox 1039 1275 1157 1343; x_wconf 83' lang='grc' dir='ltr'><strong><em>πολλοὶ</em></strong></span> <span class='ocrx_word' id='word_1_73' title='bbox 1181 1275 1276 1363; x_wconf 79' lang='grc' dir='ltr'><strong><em>φέρε-</em></strong></span> 
     </span>
     <span class='ocr_line' id='line_1_10' title="bbox 113 1379 1341 1472; baseline 0 -22"><span class='ocrx_word' id='word_1_74' title='bbox 113 1385 209 1450; x_wconf 70' lang='lat' dir='ltr'>‘ocu</span> <span class='ocrx_word' id='word_1_75' title='bbox 235 1383 284 1450; x_wconf 81' lang='grc' dir='ltr'>ι’πῖ</span> <span class='ocrx_word' id='word_1_76' title='bbox 316 1386 416 1450; x_wconf 80' lang='grc' dir='ltr'><strong><em>τοῦτο</em></strong></span> <span class='ocrx_word' id='word_1_77' title='bbox 447 1379 570 1452; x_wconf 78' lang='grc' dir='ltr'><strong><em>ῶσανιί.</em></strong></span> <span class='ocrx_word' id='word_1_78' title='bbox 603 1383 925 1472; x_wconf 56' lang='grc' dir='ltr'><strong><em>σννιιισθαζνόμενοι</em></strong></span> <span class='ocrx_word' id='word_1_79' title='bbox 948 1384 1023 1471; x_wconf 76' lang='grc' dir='ltr'>περὶ</span> <span class='ocrx_word' id='word_1_80' title='bbox 1052 1382 1113 1450; x_wconf 82' lang='grc' dir='ltr'>τὸν</span> <span class='ocrx_word' id='word_1_81' title='bbox 1136 1381 1341 1471; x_wconf 66' lang='lat' dir='ltr'>conamen</span> 
     </span>
     <span class='ocr_line' id='line_1_11' title="bbox 114 1487 1318 1578; baseline -0.004 -20"><span class='ocrx_word' id='word_1_82' title='bbox 114 1487 243 1572; x_wconf 71' lang='grc' dir='ltr'><strong><em>ἀὐτοῖς</em></strong></span> <span class='ocrx_word' id='word_1_83' title='bbox 261 1493 330 1558; x_wconf 82' lang='grc' dir='ltr'>τῶν</span> <span class='ocrx_word' id='word_1_84' title='bbox 348 1489 431 1560; x_wconf 82' lang='grc' dir='ltr'><strong><em>κατὰ</em></strong></span> <span class='ocrx_word' id='word_1_85' title='bbox 449 1491 513 1578; x_wconf 80' lang='grc' dir='ltr'>την</span> <span class='ocrx_word' id='word_1_86' title='bbox 533 1489 691 1558; x_wconf 77' lang='grc' dir='ltr'><strong><em>διάνοιαν</em></strong></span> <span class='ocrx_word' id='word_1_87' title='bbox 708 1495 832 1558; x_wconf 79' lang='grc' dir='ltr'><strong><em>παθῶν</em></strong></span> <span class='ocrx_word' id='word_1_88' title='bbox 851 1491 1042 1578; x_wconf 74' lang='grc' dir='ltr'><strong><em>γινομένων</em></strong></span> <span class='ocrx_word' id='word_1_89' title='bbox 1060 1490 1113 1558; x_wconf 76' lang='grc' dir='ltr'>καί</span> <span class='ocrx_word' id='word_1_90' title='bbox 1134 1489 1276 1578; x_wconf 79' lang='grc' dir='ltr'><strong><em>μάλιστα</em></strong></span> <span class='ocrx_word' id='word_1_91' title='bbox 1291 1517 1318 1554; x_wconf 84' lang='lat' dir='ltr'>ru</span> 
     </span>
     <span class='ocr_line' id='line_1_12' title="bbox 113 1592 1277 1687; baseline 0.003 -22"><span class='ocrx_word' id='word_1_92' title='bbox 113 1595 205 1665; x_wconf 68' lang='grc' dir='ltr'><strong><em>’καθ’</em></strong></span> <span class='ocrx_word' id='word_1_93' title='bbox 241 1594 283 1666; x_wconf 81' lang='grc' dir='ltr'>ὃν</span> <span class='ocrx_word' id='word_1_94' title='bbox 312 1595 332 1685; x_wconf 78' lang='grc' dir='ltr'><em>ἡ</em></span> <span class='ocrx_word' id='word_1_95' title='bbox 361 1603 483 1687; x_wconf 80' lang='grc' dir='ltr'><strong><em>καρδία</em></strong></span> <span class='ocrx_word' id='word_1_96' title='bbox 512 1599 663 1667; x_wconf 81' lang='grc' dir='ltr'><strong><em>τέτακται</em></strong></span> <span class='ocrx_word' id='word_1_97' title='bbox 697 1597 818 1684; x_wconf 79' lang='grc' dir='ltr'><strong><em>τόπον,</em></strong></span> <span class='ocrx_word' id='word_1_98' title='bbox 853 1592 928 1668; x_wconf 80' lang='grc' dir='ltr'><strong><em>οἷον</em></strong></span> <span class='ocrx_word' id='word_1_99' title='bbox 957 1597 1100 1687; x_wconf 82' lang='grc' dir='ltr'><strong><em>μάλιστα</em></strong></span> <span class='ocrx_word' id='word_1_100' title='bbox 1128 1599 1181 1666; x_wconf 76' lang='grc' dir='ltr'>ἐπὶ</span> <span class='ocrx_word' id='word_1_101' title='bbox 1208 1601 1277 1668; x_wconf 85' lang='grc' dir='ltr'>τῶν</span> 
     </span>
     <span class='ocr_line' id='line_1_13' title="bbox 113 1703 1277 1794; baseline 0 -20"><span class='ocrx_word' id='word_1_102' title='bbox 113 1706 247 1792; x_wconf 66' lang='grc' dir='ltr'><strong><em>’φόβων</em></strong></span> <span class='ocrx_word' id='word_1_103' title='bbox 270 1706 325 1774; x_wconf 81' lang='grc' dir='ltr'>καὶ</span> <span class='ocrx_word' id='word_1_104' title='bbox 349 1709 418 1775; x_wconf 83' lang='grc' dir='ltr'>τῶν</span> <span class='ocrx_word' id='word_1_105' title='bbox 446 1709 563 1775; x_wconf 89' lang='grc' dir='ltr'><strong><em>λυπῶν</em></strong></span> <span class='ocrx_word' id='word_1_106' title='bbox 590 1706 644 1773; x_wconf 83' lang='grc' dir='ltr'>καλ</span> <span class='ocrx_word' id='word_1_107' title='bbox 674 1706 723 1773; x_wconf 77' lang='grc' dir='ltr'>έπλ</span> <span class='ocrx_word' id='word_1_108' title='bbox 756 1709 813 1792; x_wconf 78' lang='grc' dir='ltr'>της</span> <span class='ocrx_word' id='word_1_109' title='bbox 841 1703 944 1794; x_wconf 77' lang='grc' dir='ltr'><strong><em>ὀργῆς</em></strong></span> <span class='ocrx_word' id='word_1_110' title='bbox 970 1707 1026 1775; x_wconf 80' lang='grc' dir='ltr'>καὶ</span> <span class='ocrx_word' id='word_1_111' title='bbox 1049 1705 1192 1794; x_wconf 79' lang='grc' dir='ltr'><strong><em>μάλιστα</em></strong></span> <span class='ocrx_word' id='word_1_112' title='bbox 1215 1709 1277 1775; x_wconf 84' lang='grc' dir='ltr'>τοῦ</span> 
     </span>
     <span class='ocr_line' id='line_1_14' title="bbox 113 1810 1276 1902; baseline 0 -20"><span class='ocrx_word' id='word_1_113' title='bbox 113 1817 254 1902; x_wconf 56' lang='lat' dir='ltr'>‘tepori</span> <span class='ocrx_word' id='word_1_114' title='bbox 278 1811 402 1882; x_wconf 80' lang='grc' dir='ltr'><strong><em>ῶσιινεὶ</em></strong></span> <span class='ocrx_word' id='word_1_115' title='bbox 426 1811 490 1900; x_wconf 78' lang='grc' dir='ltr'>γὰρ</span> <span class='ocrx_word' id='word_1_116' title='bbox 514 1810 803 1902; x_wconf 78' lang='grc' dir='ltr'><strong><em>ἀναθυμιωμένων</em></strong></span> <span class='ocrx_word' id='word_1_117' title='bbox 826 1818 887 1883; x_wconf 85' lang='grc' dir='ltr'>τοῦ</span> <span class='ocrx_word' id='word_1_118' title='bbox 910 1818 1026 1902; x_wconf 82' lang='grc' dir='ltr'><strong><em>θυμοῦ</em></strong></span> <span class='ocrx_word' id='word_1_119' title='bbox 1055 1813 1090 1882; x_wconf 75' lang='grc' dir='ltr'>ἐκ</span> <span class='ocrx_word' id='word_1_120' title='bbox 1118 1817 1177 1902; x_wconf 81' lang='grc' dir='ltr'>της</span> <span class='ocrx_word' id='word_1_121' title='bbox 1199 1841 1276 1902; x_wconf 86' lang='grc' dir='ltr'><strong><em>κυρ-</em></strong></span> 
     </span>
     <span class='ocr_line' id='line_1_15' title="bbox 113 1919 1323 2010; baseline 0 -18"><span class='ocrx_word' id='word_1_122' title='bbox 113 1925 202 2003; x_wconf 62' lang='lat' dir='ltr'>‘ctae</span> <span class='ocrx_word' id='word_1_123' title='bbox 225 1923 280 1992; x_wconf 82' lang='grc' dir='ltr'>καὶ</span> <span class='ocrx_word' id='word_1_124' title='bbox 301 1919 505 2010; x_wconf 74' lang='grc' dir='ltr'><strong><em>ὠθουμένων</em></strong></span> <span class='ocrx_word' id='word_1_125' title='bbox 524 1922 617 2002; x_wconf 75' lang='grc' dir='ltr'><strong><em>ἐκτὸς</em></strong></span> <span class='ocrx_word' id='word_1_126' title='bbox 636 1923 692 1990; x_wconf 80' lang='grc' dir='ltr'>ἐπί</span> <span class='ocrx_word' id='word_1_127' title='bbox 707 1949 783 1990; x_wconf 81' lang='grc' dir='ltr'><strong><em>τινα</em></strong></span> <span class='ocrx_word' id='word_1_128' title='bbox 801 1923 857 1990; x_wconf 78' lang='grc' dir='ltr'>καὶ</span> <span class='ocrx_word' id='word_1_129' title='bbox 877 1924 1095 2010; x_wconf 74' lang='grc' dir='ltr'><strong><em>έμφυσῶντος</em></strong></span> <span class='ocrx_word' id='word_1_130' title='bbox 1116 1920 1155 1991; x_wconf 81' lang='grc' dir='ltr'>τὸ</span> <span class='ocrx_word' id='word_1_131' title='bbox 1174 1921 1277 2010; x_wconf 82' lang='grc' dir='ltr'><strong><em>πρόσ-</em></strong></span> <span class='ocrx_word' id='word_1_132' title='bbox 1318 1985 1323 1992; x_wconf 91' lang='grc'><em>.</em></span> 
     </span>
     <span class='ocr_line' id='line_1_16' title="bbox 112 2023 1317 2120; baseline 0 -20"><span class='ocrx_word' id='word_1_133' title='bbox 112 2023 222 2100; x_wconf 69' lang='lat' dir='ltr'>‘eruore</span> <span class='ocrx_word' id='word_1_134' title='bbox 253 2032 309 2098; x_wconf 83' lang='grc' dir='ltr'><strong><em>κιιλ</em></strong></span> <span class='ocrx_word' id='word_1_135' title='bbox 346 2029 405 2111; x_wconf 77' lang='grc' dir='ltr'>τὰς</span> <span class='ocrx_word' id='word_1_136' title='bbox 426 2045 549 2120; x_wconf 79' lang='grc' dir='ltr'><strong><em>’χεῖρας</em></strong></span> <span class='ocrx_word' id='word_1_137' title='bbox 575 2038 702 2117; x_wconf 80' lang='grc' dir='ltr'><strong><em>γίνεται</em></strong></span> <span class='ocrx_word' id='word_1_138' title='bbox 736 2029 818 2119; x_wconf 78' lang='grc' dir='ltr'><strong><em>ἡμῖν</em></strong></span> <span class='ocrx_word' id='word_1_139' title='bbox 854 2031 1017 2120; x_wconf 59' lang='grc' dir='ltr'>ἔμφασις]</span> <span class='ocrx_word' id='word_1_140' title='bbox 1073 2031 1113 2098; x_wconf 76' lang='grc' dir='ltr'>ἕν’</span> <span class='ocrx_word' id='word_1_141' title='bbox 1145 2028 1317 2111; x_wconf 67' lang='lat' dir='ltr'>connotent</span> 
     </span>
    </p>
   </div>
   <div class='ocr_carea' id='block_1_3' title="bbox 108 2218 1277 2804">
    <p class='ocr_par' dir='ltr' id='par_1_3' title="bbox 108 2218 1277 2804">
     <span class='ocr_line' id='line_1_17' title="bbox 149 2218 1277 2301; baseline 0 -18"><span class='ocrx_word' id='word_1_142' title='bbox 149 2237 164 2283; x_wconf 93' lang='lat'>1</span> <span class='ocrx_word' id='word_1_143' title='bbox 190 2224 348 2300; x_wconf 70' lang='grc' dir='ltr'><strong><em>ζητήσομεν</em></strong></span> <span class='ocrx_word' id='word_1_144' title='bbox 367 2227 498 2285; x_wconf 67' lang='lat' dir='ltr'>Ancus</span> <span class='ocrx_word' id='word_1_145' title='bbox 523 2224 686 2300; x_wconf 71' lang='grc' dir='ltr'><strong><em>ζητήσωμεν</em></strong></span> <span class='ocrx_word' id='word_1_146' title='bbox 705 2229 778 2294; x_wconf 71' lang='grc' dir='ltr'>ῙιΜς</span> <span class='ocrx_word' id='word_1_147' title='bbox 803 2229 836 2285; x_wconf 82' lang='lat' dir='ltr'>cf.</span> <span class='ocrx_word' id='word_1_148' title='bbox 861 2229 946 2286; x_wconf 89' lang='lat' dir='ltr'>Proll.</span> <span class='ocrx_word' id='word_1_149' title='bbox 964 2218 998 2301; x_wconf 81' lang='lat' dir='ltr'>p.</span> <span class='ocrx_word' id='word_1_150' title='bbox 1018 2235 1061 2285; x_wconf 67' lang='grc' dir='ltr'>λλ.</span> <span class='ocrx_word' id='word_1_151' title='bbox 1081 2259 1114 2270; x_wconf 89' lang='lat'>·-</span> <span class='ocrx_word' id='word_1_152' title='bbox 1140 2225 1277 2300; x_wconf 67' lang='grc' dir='ltr'><strong><em>δνσινὴν</em></strong></span> 
     </span>
     <span class='ocr_line' id='line_1_18' title="bbox 111 2297 1275 2371; baseline -0.001 -14"><span class='ocrx_word' id='word_1_153' title='bbox 111 2300 190 2358; x_wconf 68' lang='grc' dir='ltr'><strong><em>ἔνθα</em></strong></span> <span class='ocrx_word' id='word_1_154' title='bbox 210 2301 241 2356; x_wconf 86' lang='lat' dir='ltr'>L.</span> <span class='ocrx_word' id='word_1_155' title='bbox 261 2304 294 2341; x_wconf 87' lang='lat'>&#39;—</span> <span class='ocrx_word' id='word_1_156' title='bbox 320 2303 442 2371; x_wconf 72' lang='grc' dir='ltr'><strong><em>ὑφησίν</em></strong></span> <span class='ocrx_word' id='word_1_157' title='bbox 462 2301 499 2355; x_wconf 83' lang='lat' dir='ltr'>M.</span> <span class='ocrx_word' id='word_1_158' title='bbox 523 2331 557 2342; x_wconf 93' lang='lat'>—</span> <span class='ocrx_word' id='word_1_159' title='bbox 583 2297 853 2371; x_wconf 78' lang='grc' dir='ltr'><strong><em>’λυροχειρημιὶτων</em></strong></span> <span class='ocrx_word' id='word_1_160' title='bbox 872 2302 951 2358; x_wconf 85' lang='lat' dir='ltr'>codd.</span> <span class='ocrx_word' id='word_1_161' title='bbox 976 2301 1040 2358; x_wconf 82' lang='lat' dir='ltr'>edd.</span> <span class='ocrx_word' id='word_1_162' title='bbox 1064 2297 1137 2371; x_wconf 73' lang='grc' dir='ltr'><strong><em>έπιχ.</em></strong></span> <span class='ocrx_word' id='word_1_163' title='bbox 1161 2317 1222 2357; x_wconf 78' lang='lat' dir='ltr'>nos.</span> <span class='ocrx_word' id='word_1_164' title='bbox 1241 2333 1275 2344; x_wconf 88' lang='lat'>-—</span> 
     </span>
     <span class='ocr_line' id='line_1_19' title="bbox 110 2371 1276 2430; baseline -0.001 -1"><span class='ocrx_word' id='word_1_165' title='bbox 110 2373 242 2429; x_wconf 70' lang='grc' dir='ltr'><strong><em>σνοινολ</em></strong></span> <span class='ocrx_word' id='word_1_166' title='bbox 261 2371 293 2428; x_wconf 71' lang='grc' dir='ltr'>δὲ</span> <span class='ocrx_word' id='word_1_167' title='bbox 314 2372 345 2429; x_wconf 88' lang='lat' dir='ltr'>L.</span> <span class='ocrx_word' id='word_1_168' title='bbox 370 2403 403 2414; x_wconf 92' lang='lat'>-</span> <span class='ocrx_word' id='word_1_169' title='bbox 433 2371 462 2428; x_wconf 81' lang='grc' dir='ltr'>οἶ</span> <span class='ocrx_word' id='word_1_170' title='bbox 478 2375 572 2428; x_wconf 79' lang='grc' dir='ltr'><strong><em>λοιποὶ</em></strong></span> <span class='ocrx_word' id='word_1_171' title='bbox 591 2373 709 2428; x_wconf 79' lang='lat' dir='ltr'>LMAB</span> <span class='ocrx_word' id='word_1_172' title='bbox 733 2371 762 2428; x_wconf 80' lang='grc' dir='ltr'>οἱ</span> <span class='ocrx_word' id='word_1_173' title='bbox 779 2373 875 2428; x_wconf 76' lang='grc' dir='ltr'><strong><em>πολλοὶ</em></strong></span> <span class='ocrx_word' id='word_1_174' title='bbox 895 2373 973 2430; x_wconf 80' lang='lat' dir='ltr'>ChK.</span> <span class='ocrx_word' id='word_1_175' title='bbox 996 2405 1028 2414; x_wconf 93' lang='lat'><strong>—</strong></span> <span class='ocrx_word' id='word_1_176' title='bbox 1055 2379 1087 2428; x_wconf 74' lang='lat'>12</span> <span class='ocrx_word' id='word_1_177' title='bbox 1106 2373 1204 2428; x_wconf 85' lang='grc' dir='ltr'><strong><em>λυπῶν</em></strong></span> <span class='ocrx_word' id='word_1_178' title='bbox 1226 2373 1276 2428; x_wconf 78' lang='grc' dir='ltr'>καλ</span> 
     </span>
     <span class='ocr_line' id='line_1_20' title="bbox 109 2441 1273 2517; baseline 0.002 -17"><span class='ocrx_word' id='word_1_179' title='bbox 109 2446 172 2500; x_wconf 77' lang='grc' dir='ltr'>τῶν</span> <span class='ocrx_word' id='word_1_180' title='bbox 195 2441 297 2517; x_wconf 78' lang='grc' dir='ltr'><strong><em>φόβων</em></strong></span> <span class='ocrx_word' id='word_1_181' title='bbox 315 2445 395 2500; x_wconf 87' lang='lat' dir='ltr'>codd.</span> <span class='ocrx_word' id='word_1_182' title='bbox 419 2445 484 2499; x_wconf 86' lang='lat' dir='ltr'>edd.</span> <span class='ocrx_word' id='word_1_183' title='bbox 508 2441 608 2516; x_wconf 80' lang='grc' dir='ltr'><strong><em>φόβων</em></strong></span> <span class='ocrx_word' id='word_1_184' title='bbox 633 2445 681 2500; x_wconf 80' lang='grc' dir='ltr'>καὶ</span> <span class='ocrx_word' id='word_1_185' title='bbox 707 2447 762 2499; x_wconf 84' lang='grc' dir='ltr'>τῶν</span> <span class='ocrx_word' id='word_1_186' title='bbox 781 2445 878 2500; x_wconf 80' lang='grc' dir='ltr'><strong><em>λυπῶν</em></strong></span> <span class='ocrx_word' id='word_1_187' title='bbox 901 2463 952 2501; x_wconf 82' lang='lat' dir='ltr'>nos</span> <span class='ocrx_word' id='word_1_188' title='bbox 976 2445 1039 2500; x_wconf 83' lang='lat' dir='ltr'>coll.</span> <span class='ocrx_word' id='word_1_189' title='bbox 1064 2463 1092 2517; x_wconf 89' lang='lat' dir='ltr'>p.</span> <span class='ocrx_word' id='word_1_190' title='bbox 1111 2450 1177 2514; x_wconf 76' lang='lat'><strong><em>⁶232,</em></strong></span> <span class='ocrx_word' id='word_1_191' title='bbox 1196 2451 1221 2502; x_wconf 80' lang='grc'>3.</span> <span class='ocrx_word' id='word_1_192' title='bbox 1241 2477 1273 2486; x_wconf 80' lang='lat'><em>-</em></span> 
     </span>
     <span class='ocr_line' id='line_1_21' title="bbox 112 2513 1275 2588; baseline 0 -14"><span class='ocrx_word' id='word_1_193' title='bbox 112 2525 147 2574; x_wconf 77' lang='lat'>13</span> <span class='ocrx_word' id='word_1_194' title='bbox 172 2518 270 2586; x_wconf 78' lang='grc' dir='ltr'><strong><em>θυμοῦ</em></strong></span> <span class='ocrx_word' id='word_1_195' title='bbox 296 2513 328 2572; x_wconf 76' lang='grc' dir='ltr'>έν</span> <span class='ocrx_word' id='word_1_196' title='bbox 348 2517 398 2585; x_wconf 78' lang='grc' dir='ltr'>της</span> <span class='ocrx_word' id='word_1_197' title='bbox 416 2519 537 2584; x_wconf 77' lang='grc' dir='ltr'><strong><em>καρδίας</em></strong></span> <span class='ocrx_word' id='word_1_198' title='bbox 556 2513 801 2588; x_wconf 75' lang='grc' dir='ltr'><strong><em>ῶναθνμιωμένον</em></strong></span> <span class='ocrx_word' id='word_1_199' title='bbox 821 2517 870 2572; x_wconf 79' lang='grc' dir='ltr'><strong><em>ναὶ</em></strong></span> <span class='ocrx_word' id='word_1_200' title='bbox 889 2517 1053 2573; x_wconf 77' lang='lat' dir='ltr'><strong>MABcuK</strong></span> <span class='ocrx_word' id='word_1_201' title='bbox 1072 2513 1201 2588; x_wconf 81' lang='grc' dir='ltr'><strong><em>α’νιιθυμ.</em></strong></span> <span class='ocrx_word' id='word_1_202' title='bbox 1221 2533 1275 2574; x_wconf 90' lang='lat' dir='ltr'>om.</span> 
     </span>
     <span class='ocr_line' id='line_1_22' title="bbox 108 2584 1274 2660; baseline -0.002 -14"><span class='ocrx_word' id='word_1_203' title='bbox 108 2590 134 2646; x_wconf 84' lang='lat' dir='ltr'>L</span> <span class='ocrx_word' id='word_1_204' title='bbox 155 2591 268 2660; x_wconf 76' lang='grc' dir='ltr'><strong><em>θυμοῦ·</em></strong></span> <span class='ocrx_word' id='word_1_205' title='bbox 292 2584 397 2644; x_wconf 73' lang='grc' dir='ltr'><strong><em>ῶσανελ</em></strong></span> <span class='ocrx_word' id='word_1_206' title='bbox 416 2585 471 2659; x_wconf 77' lang='grc' dir='ltr'>γὰρ</span> <span class='ocrx_word' id='word_1_207' title='bbox 490 2584 618 2660; x_wconf 73' lang='grc' dir='ltr'><strong><em>ἀνυθυμ.</em></strong></span> <span class='ocrx_word' id='word_1_208' title='bbox 642 2590 693 2644; x_wconf 79' lang='grc' dir='ltr'>τοῦ</span> <span class='ocrx_word' id='word_1_209' title='bbox 712 2591 809 2660; x_wconf 80' lang='grc' dir='ltr'><strong><em>θυμοῦ</em></strong></span> <span class='ocrx_word' id='word_1_210' title='bbox 831 2587 1135 2658; x_wconf 57' lang='lat' dir='ltr'>{superconsuerent</span> <span class='ocrx_word' id='word_1_211' title='bbox 1156 2605 1220 2652; x_wconf 79' lang='lat' dir='ltr'>nos;</span> <span class='ocrx_word' id='word_1_212' title='bbox 1241 2591 1274 2644; x_wconf 77' lang='lat' dir='ltr'>cs.</span> 
     </span>
     <span class='ocr_line' id='line_1_23' title="bbox 108 2657 1276 2788; baseline -0.001 -70"><span class='ocrx_word' id='word_1_213' title='bbox 108 2661 235 2788; x_wconf 70' lang='lat' dir='ltr'>infralp.</span> <span class='ocrx_word' id='word_1_214' title='bbox 256 2668 317 2724; x_wconf 71' lang='lat'>256,</span> <span class='ocrx_word' id='word_1_215' title='bbox 338 2669 379 2716; x_wconf 89' lang='lat'>11.</span> <span class='ocrx_word' id='word_1_216' title='bbox 399 2691 433 2702; x_wconf 91' lang='lat'>-</span> <span class='ocrx_word' id='word_1_217' title='bbox 455 2669 488 2716; x_wconf 72' lang='lat'>14</span> <span class='ocrx_word' id='word_1_218' title='bbox 507 2657 689 2731; x_wconf 71' lang='grc' dir='ltr'><strong><em>ἐκφυσῶντος</em></strong></span> <span class='ocrx_word' id='word_1_219' title='bbox 703 2662 734 2716; x_wconf 85' lang='lat' dir='ltr'>L.</span> <span class='ocrx_word' id='word_1_220' title='bbox 755 2693 788 2702; x_wconf 95' lang='lat'><em>-</em></span> <span class='ocrx_word' id='word_1_221' title='bbox 810 2669 842 2716; x_wconf 76' lang='lat'>15</span> <span class='ocrx_word' id='word_1_222' title='bbox 862 2663 1013 2732; x_wconf 76' lang='grc' dir='ltr'><strong><em>γίγνεσθαι</em></strong></span> <span class='ocrx_word' id='word_1_223' title='bbox 1032 2660 1064 2716; x_wconf 86' lang='lat' dir='ltr'>L.</span> <span class='ocrx_word' id='word_1_224' title='bbox 1083 2691 1117 2702; x_wconf 91' lang='lat'>-</span> <span class='ocrx_word' id='word_1_225' title='bbox 1138 2659 1276 2732; x_wconf 74' lang='grc' dir='ltr'><strong><em>έμφυσεις</em></strong></span> 
     </span>
     <span class='ocr_line' id='line_1_24' title="bbox 108 2733 1178 2804; baseline -0.001 -14"><span class='ocrx_word' id='word_1_226' title='bbox 108 2733 176 2804; x_wconf 71' lang='lat' dir='ltr'>(sic)</span> <span class='ocrx_word' id='word_1_227' title='bbox 218 2763 281 2787; x_wconf 89' lang='lat'>.-</span> <span class='ocrx_word' id='word_1_228' title='bbox 1174 2773 1178 2780; x_wconf 84' lang='lat'>·</span> 
     </span>
    </p>
   </div>
   <div class='ocr_carea' id='block_1_4' title="bbox 106 2877 1355 4501">
    <p class='ocr_par' dir='ltr' id='par_1_4' title="bbox 106 2877 1355 4501">
     <span class='ocr_line' id='line_1_25' title="bbox 107 2877 1334 2986; baseline 0.001 -20"><span class='ocrx_word' id='word_1_229' title='bbox 107 2899 247 2966; x_wconf 87' lang='lat' dir='ltr'>modum</span> <span class='ocrx_word' id='word_1_230' title='bbox 282 2922 317 2964; x_wconf 87' lang='lat' dir='ltr'>se</span> <span class='ocrx_word' id='word_1_231' title='bbox 346 2898 485 2966; x_wconf 82' lang='lat' dir='ltr'>hebent:</span> <span class='ocrx_word' id='word_1_232' title='bbox 543 2897 613 2965; x_wconf 78' lang='lat' dir='ltr'>‘De</span> <span class='ocrx_word' id='word_1_233' title='bbox 646 2899 787 2985; x_wconf 87' lang='lat' dir='ltr'>quibus</span> <span class='ocrx_word' id='word_1_234' title='bbox 820 2899 1007 2986; x_wconf 80' lang='lat' dir='ltr'><strong>deinceps</strong></span> <span class='ocrx_word' id='word_1_235' title='bbox 1041 2921 1274 2986; x_wconf 78' lang='lat' dir='ltr'><strong>quaeramus</strong></span> <span class='ocrx_word' id='word_1_236' title='bbox 1331 2877 1334 2884; x_wconf 20' lang='grc' dir='ltr'><strong><em>Δ</em></strong></span> 
     </span>
     <span class='ocr_line' id='line_1_26' title="bbox 108 3006 1275 3094; baseline 0.001 -20"><span class='ocrx_word' id='word_1_237' title='bbox 108 3006 311 3074; x_wconf 89' lang='lat' dir='ltr'>similiter</span> <span class='ocrx_word' id='word_1_238' title='bbox 330 3029 349 3071; x_wconf 84' lang='lat' dir='ltr'><strong>a</strong></span> <span class='ocrx_word' id='word_1_239' title='bbox 368 3009 560 3074; x_wconf 88' lang='lat' dir='ltr'>communi</span> <span class='ocrx_word' id='word_1_240' title='bbox 583 3007 851 3094; x_wconf 85' lang='lat' dir='ltr'>propensione</span> <span class='ocrx_word' id='word_1_241' title='bbox 871 3011 909 3072; x_wconf 88' lang='lat' dir='ltr'>et</span> <span class='ocrx_word' id='word_1_242' title='bbox 931 3007 996 3092; x_wconf 87' lang='lat' dir='ltr'>iis,</span> <span class='ocrx_word' id='word_1_243' title='bbox 1020 3029 1117 3094; x_wconf 80' lang='lat' dir='ltr'>quae</span> <span class='ocrx_word' id='word_1_244' title='bbox 1141 3031 1275 3075; x_wconf 87' lang='lat' dir='ltr'>seeun-</span> 
     </span>
     <span class='ocr_line' id='line_1_27' title="bbox 106 3113 1334 3204; baseline 0.002 -22"><span class='ocrx_word' id='word_1_245' title='bbox 106 3118 201 3182; x_wconf 87' lang='lat' dir='ltr'>dum</span> <span class='ocrx_word' id='word_1_246' title='bbox 226 3137 307 3181; x_wconf 82' lang='lat' dir='ltr'>eam</span> <span class='ocrx_word' id='word_1_247' title='bbox 332 3115 566 3202; x_wconf 80' lang='lat' dir='ltr'>dictasunt,</span> <span class='ocrx_word' id='word_1_248' title='bbox 590 3115 916 3202; x_wconf 66' lang='lat' dir='ltr'>proficiscentes?</span> <span class='ocrx_word' id='word_1_249' title='bbox 963 3113 1178 3183; x_wconf 85' lang='lat' dir='ltr'>Communem</span> <span class='ocrx_word' id='word_1_250' title='bbox 1199 3139 1275 3204; x_wconf 88' lang='lat' dir='ltr'>pro·</span> <span class='ocrx_word' id='word_1_251' title='bbox 1330 3163 1334 3170; x_wconf 90' lang='lat'>·</span> 
     </span>
     <span class='ocr_line' id='line_1_28' title="bbox 106 3219 1274 3312; baseline 0.002 -22"><span class='ocrx_word' id='word_1_252' title='bbox 106 3224 305 3312; x_wconf 84' lang='lat' dir='ltr'>pensionem</span> <span class='ocrx_word' id='word_1_253' title='bbox 330 3223 477 3310; x_wconf 80' lang='lat' dir='ltr'>appellat</span> <span class='ocrx_word' id='word_1_254' title='bbox 495 3247 700 3290; x_wconf 85' lang='lat' dir='ltr'>communem</span> <span class='ocrx_word' id='word_1_255' title='bbox 721 3219 867 3292; x_wconf 86' lang='lat' dir='ltr'>omnium</span> <span class='ocrx_word' id='word_1_256' title='bbox 891 3223 1062 3289; x_wconf 89' lang='lat' dir='ltr'>hominum</span> <span class='ocrx_word' id='word_1_257' title='bbox 1086 3225 1274 3310; x_wconf 86' lang='lat' dir='ltr'>opinionem</span> 
     </span>
     <span class='ocr_line' id='line_1_29' title="bbox 107 3330 1275 3400; baseline -0.001 0"><span class='ocrx_word' id='word_1_258' title='bbox 107 3357 151 3400; x_wconf 86' lang='lat' dir='ltr'>ac</span> <span class='ocrx_word' id='word_1_259' title='bbox 172 3353 378 3398; x_wconf 86' lang='lat' dir='ltr'>eonsensum.</span> <span class='ocrx_word' id='word_1_260' title='bbox 414 3331 540 3398; x_wconf 85' lang='lat' dir='ltr'>Deinde</span> <span class='ocrx_word' id='word_1_261' title='bbox 559 3332 641 3398; x_wconf 82' lang='lat' dir='ltr'>hoec</span> <span class='ocrx_word' id='word_1_262' title='bbox 661 3333 765 3398; x_wconf 84' lang='lat' dir='ltr'>addit:</span> <span class='ocrx_word' id='word_1_263' title='bbox 794 3331 861 3396; x_wconf 82' lang='lat' dir='ltr'>‘Et</span> <span class='ocrx_word' id='word_1_264' title='bbox 882 3331 921 3397; x_wconf 90' lang='lat' dir='ltr'>in</span> <span class='ocrx_word' id='word_1_265' title='bbox 940 3330 1001 3396; x_wconf 85' lang='lat' dir='ltr'>his</span> <span class='ocrx_word' id='word_1_266' title='bbox 1022 3333 1122 3396; x_wconf 84' lang='lat' dir='ltr'>sutis</span> <span class='ocrx_word' id='word_1_267' title='bbox 1142 3332 1275 3399; x_wconf 85' lang='lat' dir='ltr'>viden-</span> 
     </span>
     <span class='ocr_line' id='line_1_30' title="bbox 106 3439 1274 3528; baseline -0.003 -20"><span class='ocrx_word' id='word_1_268' title='bbox 106 3451 179 3508; x_wconf 85' lang='lat' dir='ltr'>tur</span> <span class='ocrx_word' id='word_1_269' title='bbox 202 3463 221 3505; x_wconf 86' lang='lat' dir='ltr'>n</span> <span class='ocrx_word' id='word_1_270' title='bbox 245 3441 447 3526; x_wconf 85' lang='lat' dir='ltr'>principio</span> <span class='ocrx_word' id='word_1_271' title='bbox 472 3463 514 3507; x_wconf 90' lang='lat' dir='ltr'>eo</span> <span class='ocrx_word' id='word_1_272' title='bbox 542 3441 783 3528; x_wconf 83' lang='lat' dir='ltr'>propendere</span> <span class='ocrx_word' id='word_1_273' title='bbox 808 3463 849 3504; x_wconf 83' lang='lat' dir='ltr'>uc</span> <span class='ocrx_word' id='word_1_274' title='bbox 873 3439 983 3524; x_wconf 84' lang='lat' dir='ltr'>ferri,</span> <span class='ocrx_word' id='word_1_275' title='bbox 1013 3443 1055 3504; x_wconf 91' lang='lat' dir='ltr'>ut</span> <span class='ocrx_word' id='word_1_276' title='bbox 1077 3440 1274 3524; x_wconf 81' lang='lat' dir='ltr'>prinoipe-</span> 
     </span>
     <span class='ocr_line' id='line_1_31' title="bbox 106 3545 1273 3633; baseline -0.003 -17"><span class='ocrx_word' id='word_1_277' title='bbox 106 3558 177 3616; x_wconf 83' lang='lat' dir='ltr'>tus</span> <span class='ocrx_word' id='word_1_278' title='bbox 201 3549 353 3615; x_wconf 80' lang='lat' dir='ltr'>animae</span> <span class='ocrx_word' id='word_1_279' title='bbox 380 3557 541 3615; x_wconf 86' lang='lat' dir='ltr'>nostrae</span> <span class='ocrx_word' id='word_1_280' title='bbox 570 3549 608 3614; x_wconf 92' lang='lat' dir='ltr'>in</span> <span class='ocrx_word' id='word_1_281' title='bbox 632 3547 746 3614; x_wconf 88' lang='lat' dir='ltr'>eorde</span> <span class='ocrx_word' id='word_1_282' title='bbox 771 3545 842 3613; x_wconf 82' lang='lat' dir='ltr'>sit&#39;</span> <span class='ocrx_word' id='word_1_283' title='bbox 888 3547 1052 3633; x_wconf 87' lang='lat' dir='ltr'>Deinceps</span> <span class='ocrx_word' id='word_1_284' title='bbox 1076 3547 1143 3612; x_wconf 83' lang='lat' dir='ltr'>ium</span> <span class='ocrx_word' id='word_1_285' title='bbox 1166 3547 1273 3633; x_wconf 80' lang='lat' dir='ltr'>ipsam</span> 
     </span>
     <span class='ocr_line' id='line_1_32' title="bbox 107 3653 1273 3744; baseline -0.003 -20"><span class='ocrx_word' id='word_1_286' title='bbox 107 3657 434 3744; x_wconf 71' lang='lat' dir='ltr'>argumentationem</span> <span class='ocrx_word' id='word_1_287' title='bbox 449 3658 639 3743; x_wconf 72' lang='lat' dir='ltr'>aggreditur</span> <span class='ocrx_word' id='word_1_288' title='bbox 653 3657 693 3721; x_wconf 84' lang='lat' dir='ltr'>od</span> <span class='ocrx_word' id='word_1_289' title='bbox 709 3655 844 3722; x_wconf 87' lang='lat' dir='ltr'>verbum</span> <span class='ocrx_word' id='word_1_290' title='bbox 859 3655 939 3722; x_wconf 76' lang='lat' dir='ltr'>lineo</span> <span class='ocrx_word' id='word_1_291' title='bbox 955 3656 1114 3722; x_wconf 88' lang='lat' dir='ltr'>scribens:</span> <span class='ocrx_word' id='word_1_292' title='bbox 1133 3653 1273 3742; x_wconf 78' lang='lat' dir='ltr'>‘Vulgo</span> 
     </span>
     <span class='ocr_line' id='line_1_33' title="bbox 107 3763 1273 3850; baseline -0.005 -16"><span class='ocrx_word' id='word_1_293' title='bbox 107 3764 208 3834; x_wconf 86' lang='lat' dir='ltr'>mihi</span> <span class='ocrx_word' id='word_1_294' title='bbox 233 3764 416 3830; x_wconf 86' lang='lat' dir='ltr'>videntur</span> <span class='ocrx_word' id='word_1_295' title='bbox 438 3765 621 3850; x_wconf 89' lang='lat' dir='ltr'>plerique</span> <span class='ocrx_word' id='word_1_296' title='bbox 650 3788 692 3831; x_wconf 88' lang='lat' dir='ltr'>eo</span> <span class='ocrx_word' id='word_1_297' title='bbox 721 3764 832 3849; x_wconf 83' lang='lat' dir='ltr'>ferri,</span> <span class='ocrx_word' id='word_1_298' title='bbox 865 3764 958 3850; x_wconf 81' lang='lat' dir='ltr'>quio</span> <span class='ocrx_word' id='word_1_299' title='bbox 981 3764 1093 3849; x_wconf 88' lang='lat' dir='ltr'>quusi</span> <span class='ocrx_word' id='word_1_300' title='bbox 1121 3763 1273 3830; x_wconf 88' lang='lat' dir='ltr'>conscii</span> 
     </span>
     <span class='ocr_line' id='line_1_34' title="bbox 108 3869 1274 3957; baseline -0.001 -21"><span class='ocrx_word' id='word_1_301' title='bbox 108 3873 192 3940; x_wconf 83' lang='lat' dir='ltr'>sibi</span> <span class='ocrx_word' id='word_1_302' title='bbox 232 3877 326 3938; x_wconf 82' lang='lat' dir='ltr'>sunt</span> <span class='ocrx_word' id='word_1_303' title='bbox 364 3873 534 3938; x_wconf 80' lang='lat' dir='ltr'>effeetus</span> <span class='ocrx_word' id='word_1_304' title='bbox 572 3872 714 3938; x_wconf 83' lang='lat' dir='ltr'>mentis</span> <span class='ocrx_word' id='word_1_305' title='bbox 752 3872 929 3938; x_wconf 84' lang='lat' dir='ltr'>accidere</span> <span class='ocrx_word' id='word_1_306' title='bbox 968 3869 1008 3936; x_wconf 90' lang='lat' dir='ltr'>in</span> <span class='ocrx_word' id='word_1_307' title='bbox 1045 3875 1204 3957; x_wconf 83' lang='lat' dir='ltr'>pectore</span> <span class='ocrx_word' id='word_1_308' title='bbox 1237 3875 1274 3936; x_wconf 94' lang='lat' dir='ltr'>et</span> 
     </span>
     <span class='ocr_line' id='line_1_35' title="bbox 107 3977 1274 4069; baseline -0.002 -24"><span class='ocrx_word' id='word_1_309' title='bbox 107 3982 328 4069; x_wconf 82' lang='lat' dir='ltr'>praecipue</span> <span class='ocrx_word' id='word_1_310' title='bbox 370 3981 409 4048; x_wconf 90' lang='lat' dir='ltr'>in</span> <span class='ocrx_word' id='word_1_311' title='bbox 451 4004 493 4048; x_wconf 90' lang='lat' dir='ltr'>eo</span> <span class='ocrx_word' id='word_1_312' title='bbox 534 3981 637 4066; x_wconf 82' lang='lat' dir='ltr'>loco.</span> <span class='ocrx_word' id='word_1_313' title='bbox 674 4003 747 4066; x_wconf 88' lang='lat' dir='ltr'>quo</span> <span class='ocrx_word' id='word_1_314' title='bbox 791 3981 911 4046; x_wconf 82' lang='lat' dir='ltr'>situm</span> <span class='ocrx_word' id='word_1_315' title='bbox 953 3983 1012 4045; x_wconf 89' lang='lat' dir='ltr'>est</span> <span class='ocrx_word' id='word_1_316' title='bbox 1054 4001 1134 4065; x_wconf 88' lang='lat' dir='ltr'>cor,</span> <span class='ocrx_word' id='word_1_317' title='bbox 1175 3977 1274 4065; x_wconf 90' lang='lat' dir='ltr'>quod</span> 
     </span>
     <span class='ocr_line' id='line_1_36' title="bbox 108 4087 1355 4172; baseline -0.003 -16"><span class='ocrx_word' id='word_1_318' title='bbox 108 4089 283 4156; x_wconf 84' lang='lat' dir='ltr'>maxime</span> <span class='ocrx_word' id='word_1_319' title='bbox 316 4090 356 4155; x_wconf 89' lang='lat' dir='ltr'>in</span> <span class='ocrx_word' id='word_1_320' title='bbox 383 4089 595 4156; x_wconf 86' lang='lat' dir='ltr'>timoribus</span> <span class='ocrx_word' id='word_1_321' title='bbox 626 4097 665 4154; x_wconf 87' lang='lat' dir='ltr'>et</span> <span class='ocrx_word' id='word_1_322' title='bbox 693 4088 911 4154; x_wconf 81' lang='lat' dir='ltr'>moestitiis</span> <span class='ocrx_word' id='word_1_323' title='bbox 940 4091 977 4152; x_wconf 89' lang='lat' dir='ltr'>et</span> <span class='ocrx_word' id='word_1_324' title='bbox 1010 4087 1071 4152; x_wconf 81' lang='lat' dir='ltr'>iro</span> <span class='ocrx_word' id='word_1_325' title='bbox 1099 4091 1137 4152; x_wconf 91' lang='lat' dir='ltr'>et</span> <span class='ocrx_word' id='word_1_326' title='bbox 1164 4108 1273 4172; x_wconf 84' lang='lat' dir='ltr'>prce·</span> <span class='ocrx_word' id='word_1_327' title='bbox 1352 4135 1355 4138; x_wconf 91' lang='lat'>-</span> 
     </span>
     <span class='ocr_line' id='line_1_37' title="bbox 109 4194 1272 4283; baseline -0.003 -19"><span class='ocrx_word' id='word_1_328' title='bbox 109 4198 226 4283; x_wconf 86' lang='lat' dir='ltr'>cipue</span> <span class='ocrx_word' id='word_1_329' title='bbox 249 4197 455 4263; x_wconf 81' lang='lat' dir='ltr'>iracundia</span> <span class='ocrx_word' id='word_1_330' title='bbox 478 4197 540 4282; x_wconf 78' lang='lat' dir='ltr'>iit3</span> <span class='ocrx_word' id='word_1_331' title='bbox 564 4196 681 4263; x_wconf 92' lang='lat' dir='ltr'>huius</span> <span class='ocrx_word' id='word_1_332' title='bbox 702 4198 803 4262; x_wconf 89' lang='lat' dir='ltr'>enim</span> <span class='ocrx_word' id='word_1_333' title='bbox 822 4195 933 4281; x_wconf 85' lang='lat' dir='ltr'>quasi</span> <span class='ocrx_word' id='word_1_334' title='bbox 958 4217 975 4260; x_wconf 93' lang='lat' dir='ltr'>e</span> <span class='ocrx_word' id='word_1_335' title='bbox 995 4194 1108 4261; x_wconf 87' lang='lat' dir='ltr'>corde.</span> <span class='ocrx_word' id='word_1_336' title='bbox 1133 4216 1272 4281; x_wconf 84' lang='lat' dir='ltr'>evapo-</span> 
     </span>
     <span class='ocr_line' id='line_1_38' title="bbox 110 4303 1272 4390; baseline -0.003 -19"><span class='ocrx_word' id='word_1_337' title='bbox 110 4306 240 4371; x_wconf 80' lang='lat' dir='ltr'>rantis</span> <span class='ocrx_word' id='word_1_338' title='bbox 278 4309 395 4390; x_wconf 81' lang='lat' dir='ltr'>atque</span> <span class='ocrx_word' id='word_1_339' title='bbox 432 4305 643 4390; x_wconf 83' lang='lat' dir='ltr'>propulsae</span> <span class='ocrx_word' id='word_1_340' title='bbox 680 4305 787 4370; x_wconf 79' lang='lat' dir='ltr'>forus</span> <span class='ocrx_word' id='word_1_341' title='bbox 821 4304 868 4370; x_wconf 83' lang='lat' dir='ltr'>ud</span> <span class='ocrx_word' id='word_1_342' title='bbox 911 4303 1095 4390; x_wconf 79' lang='lat' dir='ltr'>quasdam</span> <span class='ocrx_word' id='word_1_343' title='bbox 1134 4307 1272 4388; x_wconf 84' lang='lat' dir='ltr'>partes</span> 
     </span>
     <span class='ocr_line' id='line_1_39' title="bbox 108 4409 1339 4501; baseline -0.003 -19"><span class='ocrx_word' id='word_1_344' title='bbox 108 4413 335 4500; x_wconf 78' lang='lat' dir='ltr'>faciemque</span> <span class='ocrx_word' id='word_1_345' title='bbox 355 4417 392 4478; x_wconf 93' lang='lat' dir='ltr'>et</span> <span class='ocrx_word' id='word_1_346' title='bbox 416 4435 551 4480; x_wconf 83' lang='lat' dir='ltr'>munus</span> <span class='ocrx_word' id='word_1_347' title='bbox 575 4414 762 4480; x_wconf 80' lang='lat' dir='ltr'>inflantis</span> <span class='ocrx_word' id='word_1_348' title='bbox 786 4413 840 4478; x_wconf 86' lang='lat' dir='ltr'>fit</span> <span class='ocrx_word' id='word_1_349' title='bbox 858 4413 973 4480; x_wconf 84' lang='lat' dir='ltr'>nobis</span> <span class='ocrx_word' id='word_1_350' title='bbox 997 4409 1272 4501; x_wconf 65' lang='lat' dir='ltr'>significatio?</span> <span class='ocrx_word' id='word_1_351' title='bbox 1334 4419 1339 4428; x_wconf 92' lang='lat'>&#39;</span> 
     </span>
    </p>
   </div>
   <div class='ocr_carea' id='block_1_5' title="bbox 0 0 1510 5010">
    <p class='ocr_par' dir='ltr' id='par_1_5' title="bbox 0 0 1510 5010">
     <span class='ocr_line' id='line_1_40' title="bbox 0 0 1510 5010; baseline 0 1"><span class='ocrx_word' id='word_1_352' title='bbox 0 0 1510 5010; x_wconf 95' lang='lat' dir='ltr'> </span> 
     </span>
    </p>
   </div>
  </div>
 </body>
</html>
