3048 5036
672 381 921 446 ..144-

153 555 324 612 188κοντο
348 533 593 626 συνταγμάτων
616 541 725 606 ἔνεστι
748 547 970 627 καταμαθεῖν·
995 537 1000 628 Ι
1021 535 1072 607 ὅτι
1096 537 1133 606 δὲ
1158 537 1232 628 ἤτοι
1255 535 1381 607 παντά-

216 665 321 715 πασιν
343 640 439 714 αύτοὶ
467 644 718 734 τνφλάττοντες
747 641 766 733 ’l
795 653 935 732 τυφλοῖς
958 643 1193 734 διαλεγόμενοι
1221 647 1295 735 περὶ
1319 649 1381 734 τῆς

217 756 287 824 τῶν
314 751 448 842 νεύρων
475 749 579 844 άρχης
606 759 774 842 ἔγραψαν,
808 749 850 822 ού
877 752 991 840 λύγοις
1018 752 1081 842 χρὴ
1110 769 1251 843 μακροῖς
1279 781 1380 823 κατα-

217 859 405 946 σκευάζειν,
429 858 514 930 άλλά
537 863 590 932 ἐπὶ
618 861 682 950 τὴν
705 871 868 950 αἴσθησιν
896 863 993 930 ι’έναι.
1039 868 1193 949 φαίνεται
1224 861 1304 951 γάρ,
1332 859 1382 942 ὦς

190 974 412 1058 εὲμπροσθεν
434 969 598 1058 ἐδήλωσα,
621 969 661 1040 τά
685 971 748 1059 μέν
771 973 839 1039 τῶν
864 970 996 1058 νεύρων
1019 969 1053 1052 ἐξ
1076 968 1265 1058 ἐγκεφάλου
1287 967 1381 1038 ἄντι-

217 1101 299 1166 κρυς
322 1077 545 1166 ἐκπεφυκότα,
578 1077 678 1148 τὰδὲ
708 1080 744 1147 ἐκ
771 1081 833 1148 τοῦ
862 1081 1022 1147 νωτιαίου
1049 1081 1192 1166 μυελοῦ,
1222 1092 1382 1158 νωτιαίας

217 1183 254 1252 δὲ
279 1181 381 1266 αὐτὸς
402 1182 437 1268 ἐξ
460 1183 658 1274 ἐγκεφάλου.
703 1187 836 1274 βέλτιον
859 1177 924 1254 οὖν
954 1175 996 1272 ἦν
1023 1181 1103 1254 οὔθ’
1134 1181 1246 1265 ἁπλοῖς
1268 1182 1381 1275 άρχίγν

216 1296 285 1362 τῶν
313 1293 446 1382 νεύρων
478 1292 724 1383 ἀποφήνασθαι
756 1295 820 1384 τὴν
848 1297 1007 1381 καρδίαν,
1039 1289 1121 1382 ὅπερ
1151 1289 1382 1382 Ἀριστοτέλης

217 1395 390 1488 ἐποίησεν,
415 1399 492 1472 οὔτε
514 1399 551 1472 ἐκ
574 1410 783 1493 πανουργίας
804 1402 898 1484 τινὸς
920 1397 1257 1490 ἐπιβεβουλευμένος,
1284 1399 1329 1482 ὡς
1356 1399 1379 1470 ὁ

177 1532 203 1571 1⁰
218 1509 450 1598 Πραξαγόρας.
496 1501 595 1593 οὗτος
618 1511 682 1601 γὰρ
711 1511 729 1582 ὁ
753 1509 842 1600 άνηρ
865 1507 979 1598 ἐπειδὴ
1009 1509 1116 1598 μηδὲν
1140 1508 1227 1596 ἐτάρα
1253 1515 1382 1600 νεῦρον

215 1613 429 1708 ἐκφυόμενον
457 1622 516 1708 τῆς
542 1625 697 1706 καρδίας,
726 1621 949 1708 ἐφιλοτιμεῖτο
983 1617 1019 1686 dl
1047 1615 1131 1704 πρὸς
1153 1614 1382 1706 Ἱπποκράτην

215 1728 270 1796 καλ
290 1726 425 1809 πάντως
447 1727 604 1816 ε’βούλετο
628 1727 689 1796 τὸν
713 1729 899 1815 ἐγκέφαλον
918 1723 1105 1813 ἀφελέσθαι
1128 1729 1186 1813 της
1209 1731 1278 1795 τῶν
1301 1725 1382 1796 νεύ-

216 1859 288 1924 ρων
310 1830 425 1924 άρχης,
449 1833 491 1905 ού
514 1835 658 1924 σμικρὸν
681 1831 888 1924 ἀπετόλμησε
916 1833 1109 1910 ψεύσασθαι
1132 1831 1192 1914 τὰς
1214 1831 1382 1923 άρτηρίας

215 1941 367 2031 φάμενος
389 1943 428 2011 ἐν
449 1947 494 2038 τῷ
518 1945 672 2032 προϊέναι
695 1943 750 2013 καί
774 1947 1028 2030 κατασχίζεσθαι
1053 1940 1172 2023 στενὰς
1194 1943 1382 2030 γινομένας

177 2071 202 2112 ιε
216 2053 264 2130 είς
291 2053 396 2139 νεῦρα
423 2050 658 2139 μεταβάλλειν
689 2055 752 2120 τοῦ
781 2049 845 2139 γάρ
874 2048 918 2138 δὴ
948 2049 1101 2140 σώματος
1128 2047 1242 2120 αύταῑυ
1269 2047 1382 2138 ὑπάρ-

215 2184 335 2246 χοντος
357 2159 551 2246 νευρώδους
574 2160 651 2248 μέν.
676 2155 759 2227 άλλέι
783 2165 900 2226 κοίλου
922 2159 977 2228 καὶ
1002 2157 1084 2227 κατὰ
1108 2156 1171 2246 τὴν
1194 2159 1244 2226 ἐπί
1269 2159 1380 2228 πλέον

216 2266 254 2333 ἐν
276 2270 321 2358 τῷ
347 2265 417 2359 ζῴῳ
441 2275 553 2356 σχίσιν
576 2265 664 2336 οὕτω
690 2269 880 2356 γινομένων
902 2279 1032 2356 μικρῶν
1061 2271 1130 2336 τῶν
1157 2266 1381 2355 κοιλοτάτων,

252 2481 321 2540 ted
341 2482 395 2556 ple
419 2481 449 2551 ἐξ
470 2479 632 2554 ἐγκεφάλου
657 2487 713 2540 τῶν
737 2479 847 2552 νεύρων
867 2484 887 2539 C
908 2479 941 2538 τά
957 2481 1011 2554 μέν
1029 2505 1053 2542 τ.
1072 2505 1097 2540 ν.
1117 2479 1140 2540 ἐ.
1162 2479 1220 2554 ἐγκ.
1240 2483 1310 2551 Cai.;
1336 2487 1378 2542 ef.

213 2556 299 2642 Pgoll.
318 2573 345 2627 p.
361 2564 404 2613 n.
421 2588 453 2598 -
476 2565 508 2612 16
528 2561 595 2614 ante
613 2553 687 2612 κατά
707 2559 755 2612 καὶ
775 2557 952 2612 inseruimus.
965 2587 1001 2598 -
1022 2563 1054 2612 17
1074 2551 1164 2621 οὕτως
1178 2578 1249 2627 γιγν.
1269 2557 1379 2614 Ceett.

214 2647 290 2684 ουτω
309 2649 364 2698 γιν.
385 2647 444 2685 nos.
466 2661 498 2670 —

214 2835 303 2879 scere
326 2813 417 2878 lieet:
442 2813 572 2878 eosdem
592 2815 712 2885 antem.
736 2811 828 2897 qnasi
853 2811 904 2876 rel
929 2833 1063 2896 prorsus
1086 2811 1151 2898 ipsi
1171 2813 1380 2880 caecutirent

213 2921 265 2986 rel
290 2943 363 2986 enm
392 2921 497 2986 caecis
525 2921 745 3008 disputarent,
773 2921 820 2986 ita
849 2920 887 2984 de
918 2943 1092 2986 nemorum
1121 2921 1247 3007 origine
1271 2923 1379 3006 scrip-

214 3029 296 3096 sisse
319 3053 385 3096 uon
409 3052 491 3114 opus
522 3034 572 3094 est
599 3029 712 3094 inultis
741 3027 849 3094 rerlris·
875 3029 1081 3103 continuare,
1108 3030 1164 3094 sed
1193 3030 1233 3094 ad
1260 3030 1378 3116 ipsum

214 3159 344 3202 sensum
373 3136 525 3202 accedere
554 3143 694 3222 oportet.
747 3139 894 3222 Apparet
919 3137 1019 3221 enim,
1047 3142 1083 3202 nt
1112 3160 1211 3222 supra
1239 3137 1376 3204 demon-

214 3245 327 3330 strari,
350 3243 433 3311 alios
457 3267 575 3310 nemos
595 3245 704 3330 palam
725 3267 763 3310 ex
783 3245 925 3326 cerebro,
949 3245 1032 3310 alios
1052 3267 1090 3309 ex
1110 3243 1199 3312 dorsi
1219 3245 1379 3321 medulla,

213 3353 320 3438 ipsam
344 3351 519 3418 medullam
540 3375 556 3416 e
580 3353 713 3419 cerebro
739 3352 868 3418 exoriri.
910 3352 1027 3417 llelius
1052 3353 1155 3440 igitur
1173 3357 1243 3418 erat
1267 3376 1378 3438 neque

213 3459 408 3546 simpliciter
422 3483 596 3528 nervorum
612 3461 772 3547 originem
793 3485 849 3528 cor
864 3484 934 3524 esse
954 3461 1071 3546 dicere,
1090 3460 1122 3526 id
1141 3461 1227 3547 qnod
1243 3461 1379 3530 ,tristo-

212 3568 294 3635 teles
316 3569 404 3656 lecit,
427 3593 532 3656 neque
552 3593 624 3636 enm
648 3571 762 3634 fraude
781 3569 921 3656 <puidam
937 3569 1176 3639 commenticia.
1199 3574 1234 3633 nt
1250 3569 1377 3636 Praxa-

213 3699 320 3764 goras.
357 3675 390 3744 ls
415 3679 501 3745 enim
526 3701 599 3744 cnm
625 3701 662 3742 ex
686 3678 782 3742 corde
802 3679 911 3742 erran-i
935 3701 1069 3743 nerrmn
1094 3677 1220 3742 nullum
1245 3677 1378 3745 rideret

212 3789 246 3850 et
268 3791 380 3853 tamen
403 3786 558 3852 adversus
577 3787 814 3872 Hippocratem
840 3785 1013 3850 ambitiose
1038 3786 1247 3852 contenderet
1272 3791 1378 3871 atque

211 3895 333 3962 idcirco
366 3918 541 3962 nervorum
577 3893 738 3980 originem
773 3893 904 3959 cerebro
938 3894 1063 3980 eripere
1096 3918 1230 3980 prorsus
1261 3894 1376 3980 vellet,

212 4003 264 4068 rel
288 4002 411 4090 insigni
435 4004 602 4070 mendacio
633 4003 679 4066 nti
705 4025 802 4066 ansus
827 4007 889 4084 cst,
918 4023 991 4067 cunr
1016 4004 1154 4067 arterias
1179 4002 1214 4068 in
1237 4024 1374 4088 progre-

211 4109 329 4177 diendo
358 4135 395 4177 ae
423 4111 499 4177 dum
530 4112 728 4178 finderentur
759 4114 991 4198 coangustatas
1020 4109 1055 4176 in
1082 4133 1201 4176 nervos
1228 4111 1374 4176 transire

212 4219 402 4306 allirrnorit3
431 4243 504 4285 cnm
533 4220 620 4285 enim
649 4242 768 4304 corpus
793 4243 904 4283 earnm
933 4241 1105 4284 nervosum
1134 4218 1281 4304 quidem,
1313 4221 1375 4286 sed

212 4347 391 4392 concavum
419 4333 519 4412 esset,
549 4327 626 4392 dnm
655 4331 689 4391 in
718 4327 869 4392 animalis
899 4349 1035 4412 corpore
1063 4329 1169 4412 magis
1200 4325 1376 4414 magisque

212 4433 423 4522 finderentur,
455 4434 536 4500 adeo
570 4436 704 4522 exiguas
738 4457 848 4501 carum
878 4434 1036 4500 caritates
1069 4437 1115 4500 ait
1149 4433 1300 4518 crrnlere,
1335 4443 1377 4504 nt
