2960 5032
559 381 808 450 -111-

91 543 192 611 lenus
216 543 343 614 laudat.
367 545 526 612 excidisse
548 545 618 611 iam
641 543 818 612 Conana-ius
839 545 922 612 n'dit
944 567 1004 612 nec
1026 545 1135 613 facere
1155 547 1261 633 potui·

94 677 187 720 mus.
212 654 290 739 quiu
314 677 371 720 eos
395 653 579 720 intextum
603 653 822 739 reciperemus
846 653 902 740 (cl.
926 677 1025 740 supra
1049 679 1081 742 p.
1109 657 1171 744 li).

13 753 14 760 ἵ
190 761 366 848 Reliquum
391 766 454 844 est,
482 768 518 827 ut
547 762 715 846 devitiis,
743 785 827 848 quae
855 763 890 828 in
912 765 1133 830 additamentis
1160 763 1262 830 cerbo-

95 893 169 935 ιτιιιι
198 871 262 935 sire
288 871 384 935 erarius
409 871 473 935 siro
493 870 636 954 plurium
662 876 851 940 cernuntur.
881 871 1090 938 disseramus.
1135 871 1260 939 Eorum

95 988 210 1044 autem
234 999 336 1064 genus
359 976 477 1062 duplex
502 981 561 1042 est.
589 976 657 1042 Aut
681 975 782 1042 errori
802 976 1012 1044 librariorum
1032 979 1191 1046 debentur
1209 979 1260 1046 bis

96 1086 329 1168 scribentium,
352 1107 436 1170 quae
460 1083 558 1150 semel
580 1083 753 1150 scribenda
772 1090 874 1172 erant,
898 1095 956 1152 aut
979 1086 1131 1154 consulto
1152 1109 1171 1154 a
1193 1083 1264 1156 eorl

96 1193 281 1260 rectoribus
315 1191 404 1258 lacta
437 1197 514 1258 sunt
546 1192 687 1260 orationi
722 1193 844 1278 aliquid
882 1198 1004 1259 temere
1040 1194 1262 1262 inicientibus.

98 1301 284 1388 l'trunrquc
308 1321 411 1387 genus
434 1300 469 1366 iu
493 1300 658 1367 codicibus
682 1301 805 1367 nostris
827 1300 1002 1368 admodum
1025 1301 1177 1389 frequens
1201 1307 1259 1370 est.

99 1413 148 1478 Ac
172 1409 308 1497 prioris,
331 1407 417 1493 quod
440 1407 685 1494 dittogrnplriae
706 1395 838 1476 nomine
862 1409 1124 1494 complectimur,
1147 1411 1259 1478 rarine

98 1517 224 1602 speeies
250 1521 339 1582 sunt:
367 1539 446 1600 una,
473 1514 559 1600 qnod
583 1516 668 1582 idem
693 1517 761 1580 sire
790 1539 827 1582 ex
851 1539 916 1583 aruo
941 1517 1009 1583 siae
1033 1517 1182 1604 pluribus
1205 1541 1260 1587 το-

97 1624 227 1691 sabulis
251 1630 406 1690 constans
429 1626 601 1710 repetitur,
624 1625 714 1690 velut
737 1625 771 1690 in
796 1623 843 1708 ll,
866 1625 922 1690 ubi
947 1649 977 1710 p.
996 1626 1062 1692 536
1082 1631 1157 1693 ante
1176 1627 1258 1694 med.

99 1741 175 1818 post
204 1727 393 1816 καθαρτικὰ
420 1733 489 1798 τῶν
515 1728 773 1818 περιττωμάτων
800 1733 913 1816 rerba,
947 1755 1029 1820 quac
1053 1735 1259 1821 antecedunt,

98 1843 174 1907 inde
198 1865 216 1906 a
241 1841 303 1906 τοῦ
326 1841 465 1926 αῒμιιτος
487 1843 626 1926 repetitu
642 1841 805 1926 legrurtur.
841 1839 984 1927 lusiguis
1004 1865 1080 1908 reto
1095 1844 1130 1909 iu
1145 1843 1259 1910 coelem

98 1951 209 2016 codice
233 1947 459 2036 dittographia
483 1954 547 2032 est,
575 1973 672 2036 (laram
696 1949 731 2014 iu
754 1947 809 2012 t'ol.
833 1949 896 2010 so·
920 1971 949 2034 p.
977 1949 1060 2015 rued.
1083 1950 1261 2037 deprehen·

96 2059 221 2139 dimus,
244 2057 300 2123 ubi
323 2055 478 2123 librarius
502 2063 676 2142 postquam
700 2055 875 2141 descripsit
893 2057 992 2121 rerba
1012 2055 1198 2142 ἐγκεφάλου
1219 2055 1257 2125 τὸ

98 2161 304 2242 deuoueret.-
326 2160 412 2232 todo
435 2163 505 2250 (sed
529 2165 591 2230 hoc
616 2161 827 2249 expuuetmul
857 2163 987 2248 πλέγμα
1010 2163 1056 2252 (p.
1079 2166 1144 2231 uos
1164 2165 1258 2256 init),

97 2273 236 2340 recurrit
261 2273 302 2338 ad
326 2273 425 2338 rerba
454 2268 657 2358 γιγνόμενον
681 2271 716 2337 ἐκ
739 2273 807 2338 τῶν
832 2269 1023 2357 ἐρχομένων
1045 2274 1093 2350 εἰς
1119 2268 1182 2358 τὴν
1206 2297 1258 2340 κε-

97 2379 212 2466 φαλὴν
246 2374 417 2464 ἀρτηριῶν
453 2381 497 2466 (p.
529 2381 593 2446 th‘l
628 2403 656 2446 a.
690 2380 787 2466 nied.)
821 2386 919 2465 atepre
952 2381 1000 2445 ita
1035 2379 1154 2467 viginti
1188 2381 1257 2447 sere

96 2495 232 2576 στίχους
259 2487 454 2574 ereruplaris
483 2489 644 2574 propositi
677 2487 817 2571 repetiit.
864 2487 1018 2552 Fortasse
1047 2493 1156 2554 autem
1189 2489 1255 2554 iam

97 2599 130 2663 in
150 2599 276 2677 codice,
299 2595 383 2662 unde
401 2595 588 2680 descripsit.
607 2595 692 2660 hauc
711 2595 920 2661 iterationem
934 2595 1107 2661 verborum
1122 2596 1259 2663 invenit.

97 2705 269 2771 Eiusmodi
294 2727 419 2770 errores
444 2705 486 2769 ab
510 2703 688 2769 editoribus
713 2703 803 2768 triciti
826 2705 958 2788 negotio
983 2703 1198 2770 animadverti
1223 2710 1256 2771 et

97 2813 170 2880 tolli
194 2819 371 2899 potueruut
395 2835 453 2876 uec
473 2816 584 2876 tamen
604 2833 717 2876 ouures
738 2811 859 2876 sublati
879 2817 969 2896 suut,
988 2817 1024 2876 ut.
1042 2835 1073 2896 p.
1087 2811 1153 2878 395
1168 2818 1257 2898 extu,

97 2921 153 2986 ubi
178 2921 319 3008 legimus
344 2914 363 3004 ἡ
388 2912 420 2985 d’
445 2911 530 3004 αὐτὴ
559 2915 647 3004 μάχη
671 2912 744 2984 κᾶν
768 2918 784 2983 ἐ
791 2944 809 2985 ν
833 2919 877 3008 τῷ
908 2921 1034 3000 κρίσεις
1056 2943 1089 2986 τε
1112 2915 1256 3004 φάσκειν

97 3023 181 3094 εἶναι
207 3023 365 3112 τὰπάθη
388 3051 467 3092 aar.
490 3031 530 3112 λς
560 3031 616 3092 aut
645 3027 852 3093 scribendum
875 3025 940 3092 suit
967 3023 1020 3092 κοιλ
1048 3025 1086 3093 ἐν
1110 3034 1167 3095 aut·
1190 3023 1254 3096 κᾶν

96 3137 142 3226 τῷ
166 3161 231 3222 κιρ,
259 3159 314 3223 pp.
333 3135 398 3200 not
423 3138 502 3200 extr.
526 3135 591 3202 568
614 3135 658 3200 in.
682 3133 891 3202 llABCHK:
914 3127 1025 3219 ὥσπερ
1049 3123 1172 3202 οὖντὸ
1196 3137 1255 3222 τῆς

97 3240 240 3328 γαστρὸς
262 3247 426 3320 λείψανον
449 3237 638 3326 ἐπιτήδειον
662 3245 826 3328 γίγνεται.
852 3237 936 3308 κατὰ
963 3237 1024 3309 τὸν
1050 3236 1156 3310 αὐτὸν
1178 3241 1254 3327 τρό-

97 3377 164 3418 πον
185 3365 256 3430 τοῖς
278 3345 357 3438 μεθ’
385 3339 471 3436 ἧπαρ
495 3345 595 3416 derunt
626 3347 662 3416 τὸ
692 3346 814 3416 τούτου
842 3348 944 3415 πάλιν
971 3345 1076 3416 αὐτοῦ
1099 3349 1254 3436 περιττὸν

98 3455 181 3526 orid’
207 3450 281 3527 οὗν
304 3453 380 3525 orld'
405 3453 511 3524 αὐτοῦ
534 3459 595 3524 τοῦ
620 3453 743 3544 ἥπατος
760 3495 804 3506 ·-
826 3453 1073 3536 ἀλλοιώσαντος
1094 3455 1157 3544 τὴν
1179 3485 1254 3544 τρο-

97 3565 168 3654 φήν
194 3593 223 3636 κ.
246 3593 274 3634 τ.
296 3571 337 3652 λ.;
370 3567 403 3632 in
432 3567 623 3653 extumulari,
655 3566 738 3632 irride
768 3565 835 3632 MA
866 3565 1079 3652 deducuntur,
1111 3567 1253 3633 ierrtnsse

98 3670 171 3742 οὐδ’
193 3669 268 3744 odd’
290 3667 397 3741 ιιιίτού
419 3675 577 3760 scripturn
602 3679 686 3751 erat,
710 3681 824 3758 postea
850 3697 868 3738 a
892 3680 1073 3738 correctore
1091 3673 1251 3762 dittogra-

97 3785 192 3870 pbine
215 3785 332 3850 vitium
361 3783 533 3870 ignorante
560 3769 624 3848 οὖν
651 3782 810 3848 insertum
838 3790 901 3868 cst3
928 3803 988 3848 nos
1012 3775 1087 3848 odo'
1113 3771 1178 3848 οὖν
1199 3781 1252 3848 de·

95 3893 243 3962 lominus.

186 4001 301 4068 Altera
324 4001 448 4086 species
472 3997 716 4084 dittograplriae
740 3997 773 4064 iu
798 4020 836 4064 eo
855 3997 1012 4082 cenritur,
1034 3997 1120 4084 quod
1143 3999 1250 4064 exitus

97 4109 244 4194 syllabae
268 4113 326 4174 nul
345 4109 434 4174 idem
459 4115 516 4172 erut
539 4107 595 4193 qui
620 4107 670 4171 rel
695 4105 799 4172 louua
825 4107 1009 4172 litterarum
1034 4107 1085 4171 rel
1110 4128 1249 4191 pnuuru·

96 4219 198 4286 tioudi
222 4215 455 4285 cousuetudine
474 4215 593 4282 similis
613 4221 676 4291 est,
700 4215 868 4300 repetitur,
888 4215 976 4278 uelut
994 4213 1028 4278 in
1048 4211 1116 4279 MA
1139 4236 1169 4298 p.
1184 4215 1251 4280 tili)

96 4351 126 4414 p.
150 4325 232 4394 merl.
255 4324 393 4414 ῥᾳδίως
415 4317 465 4402 ὥς
487 4325 518 4390 ελ
539 4320 704 4408 πρότερον
727 4319 805 4407 plu,
833 4321 888 4387 ubi
913 4321 1024 4387 (least.
1047 4315 1094 4398 ὥς
1115 4321 1250 4408 delerit3

95 4457 126 4522 p.
150 4433 215 4502 715
238 4431 321 4500 med.
347 4427 384 4498 τὸ
413 4427 451 4498 dl
479 4427 644 4500 σκώπτειν
666 4469 709 4480 --
736 4425 911 4518 nonnette,
938 4419 1028 4496 olon
1054 4421 1102 4496 dn
1127 4427 1182 4496 καλ
1210 4425 1249 4498 τὸ
