2984 5030
541 339 785 406 -601-

55 517 227 592 sturzeter
249 499 398 589 μήνιγγα
420 500 542 588 σιιέπης
568 501 681 570 ἕνεκεν
704 500 931 588 γεγενημένην
955 499 1155 588 ἐγκεφάλου,
1178 495 1241 588 τὴν

58 613 106 682 δὲ
139 607 301 698 μαλακὴν
323 609 377 677 καὶ
401 607 525 696 λεπτὴν
547 609 601 678 καὶ
629 607 753 678 τούτου
775 606 837 695 μὶν
860 603 967 678 αὐτοῦ
988 607 1103 696 χάριν,
1131 613 1179 678 ἔτι
1203 605 1241 678 db

58 721 218 808 μᾶλλον
248 711 334 802 ὑπὲρ
363 719 425 784 τοῦ
454 720 595 784 συνδεῖν
627 715 757 784 ἅπαντα
783 713 824 784 τά
856 715 939 784 κατά
966 714 1028 786 τὸν
1055 717 1242 804 ἐγκέφαλον

58 823 215 914 ἀγγεῖα,
237 823 296 904 τὰς
319 819 478 910 άοτηοίας
499 823 555 891 καὶ
578 821 638 905 τάς
659 825 793 910 φλέβας.
832 829 909 891 τίνα
933 824 973 892 δέ
994 825 1096 908 έστιν,
1118 819 1140 892 ά
1163 826 1242 914 χοῆ-

59 939 140 1004 ναί
166 957 251 1020 φημι
275 933 460 1001 τεθεᾶσθαι
484 929 567 1000 κατὰ
594 959 653 1012 τας
676 929 847 1020 άνιιτομάς
873 935 921 1010 εἰς
948 929 1011 1018 τὴν
1038 933 1106 1000 τῶν
1132 929 1269 1002 τοιού-8
1320 1011 1323 1018 ,

59 1067 153 1111 των
179 1039 360 1127 δογμάτων
387 1035 537 1124 εὕρεσιν,
566 1041 615 1108 ἐπὶ
646 1041 749 1111 πλεόν
776 1039 839 1128 μὲν
867 1040 905 1106 έν
931 1053 1003 1119 ταις
1025 1035 1243 1127 άνατομιιιαλς

63 1145 292 1238 έγχειρήσεσι
317 1149 457 1234 λέγεται,
479 1147 703 1236 μνημονεύσω
727 1147 763 1216 δὲ
783 1147 835 1216 καλ
858 1149 923 1215 νῦν
941 1142 1055 1215 αὐτῶν
1077 1143 1243 1216 τοσούτου

62 1258 222 1346 μέρους,
244 1251 329 1326 ὅσον
351 1259 399 1336 εἰς
420 1253 460 1324 τά
483 1255 634 1341 παρόντα
656 1253 798 1344 μάλιστά
822 1256 889 1324 ἐστι
914 1253 1088 1344 χρήσιμον.
1116 1255 1121 1344 Ι
1151 1255 1309 1328 dexo-ddi

64 1365 208 1444 πέντος
238 1365 301 1433 τοῦ
332 1365 390 1450 τῆς
425 1365 571 1450 κεφαλῆς
603 1359 705 1433 ὀστοῦ
743 1367 865 1446 ζῶντος
896 1367 943 1432 ἔτι
975 1365 1037 1434 τοῦ
1069 1359 1155 1456 ζῴον
1186 1361 1240 1432 καὶ

66 1473 219 1560 γυμνῆς
240 1473 300 1558 τῆς
321 1477 459 1558 παχείας
480 1471 643 1558 μήνιγγος
666 1472 848 1558 γενομένης
871 1471 931 1539 ἐὰν
954 1469 1164 1558 ἑκατέρωθεν
1184 1473 1244 1558 τῆς
1258 1491 1284 1530 ¹⁰

66 1580 192 1668 μέσης
219 1573 370 1658 εὐθείας,
400 1575 480 1646 καθ’
511 1574 555 1666 ἣν
582 1579 811 1666 έγιιιιταβαίνει
842 1581 887 1670 τῷ
912 1575 1083 1669 ἐγκεφάλῳ
1107 1580 1243 1648 διπλου·

67 1688 184 1775 μένη,
208 1683 266 1754 διὰ
283 1681 472 1773 ἀγκίστρων
490 1681 667 1766 ἀνατείνας
689 1683 796 1774 αὐτην
823 1681 840 1774 ἢ
864 1685 963 1774 αι’,ιιης
980 1683 1089 1774 μόνον
1113 1679 1133 1774 ἢ
1157 1685 1243 1756 έκτέ·

69 1820 152 1884 μῃς
175 1790 275 1880 ὅλην,
298 1789 375 1862 οὔτε
398 1787 610 1881 ἀναίσθητον
638 1791 713 1862 οὔτε
737 1789 898 1881 άκίνητον
925 1799 1052 1880 γίνεται
1079 1791 1117 1862 τὸ
1147 1794 1243 1886 ζῷον,

71 1899 201 1988 ὥσπερ
233 1897 313 1970 οὐδὲ
347 1904 378 1970 ci
407 1897 445 1969 τὸ
476 1901 600 1972 σκέπον
632 1899 735 1989 αὐτῆς
766 1903 866 1988 μέρος
898 1897 981 1970 ὅλον
1006 1899 1068 1971 τὸν
1100 1897 1244 1970 ὄπισθεν

74 2010 279 2098 ἐγκέφαλον
302 2001 321 2097 ἢ
343 2010 455 2095 τέμοις
477 2007 586 2095 μόνον
609 2003 629 2096 ἢ
653 2009 809 2097 έκτέμοις.
854 2005 897 2078 σι’·
924 2005 994 2097 μὴν
1021 2003 1101 2078 οὐδὲ
1126 2011 1157 2077 ελ
1181 2005 1284 2076 τὸνιι

75 2117 279 2206 ἐγκέφαλον
310 2112 416 2186 αὐτὸν
447 2112 607 2188 ὁπωσοῦν
639 2119 821 2206 έκτέμνοις,
858 2113 939 2186 οὐδὲ
972 2113 1060 2186 οὗτοι
1092 2113 1130 2185 τὸ
1160 2117 1245 2210 ζῷον

112 2341 141 2418 ,ὅ
169 2328 369 2389 :surdaonum
393 2333 431 2418 bi.
456 2363 489 2374 -
521 2341 551 2390 11
578 2333 771 2402 άιαπλοιμένη
795 2334 832 2390 bi.
858 2363 892 2374 -
919 2339 951 2388 12
970 2331 1056 2418 τέμης
1078 2347 1132 2388 om.
1153 2330 1190 2388 Μ.
1211 2361 1244 2374 ·-

78 2423 182 2474 αονητ
197 2403 277 2460 codd.
292 2405 355 2461 edd.
370 2423 459 2474 μονον
473 2423 539 2470 noer
554 2405 589 2460 σέ.
605 2405 777 2476 Ρτοηιόιοιιι.
793 2407 826 2472 11,
845 2413 884 2459 12.
902 2435 934 2446 -·-
950 2411 983 2460 tb
998 2423 1094 2474 τεμοις
1108 2403 1136 2458 Μ
1150 2402 1180 2460 τέ
1220 2422 1245 2468 ις

78 2483 108 2534 Δ
131 2475 248 2546 τέμνεις
267 2475 379 2538 ficum
398 2475 432 2532 cf.
452 2475 588 2603 Prqqr.-l..
607 2477 625 2532 1.
646 2507 679 2518 -
700 2472 829 2546 έκτέμοις
842 2475 871 2531 M
891 2471 1036 2548 έιιτέμνεις
1055 2421 1244 2586 ABCbKiw-

83 2557 121 2606 16
144 2543 274 2604 ὁπωσοῦν
292 2547 330 2604 bd.
349 2579 382 2591 -
403 2543 477 2618 ζωὴν

82 2767 318 2836 membranum
340 2767 508 2853 operiendi
532 2767 655 2834 cerebri
679 2789 775 2834 causa
800 2767 924 2836 factum
948 2789 1033 2854 esse,
1056 2765 1190 2835 mollem
1214 2769 1248 2832 ct

83 2885 234 2960 tenuem,
256 2879 293 2941 ut
317 2875 430 2942 eodem
448 2873 522 2960 ipro
545 2875 736 2963 fungeretur
754 2897 897 2962 munere,
921 2875 977 2942 sed
996 2875 1104 2964 mugis
1126 2877 1248 2960 tamen,

84 2989 125 3051 ut
152 2982 263 3050 omnia
289 2981 413 3050 cerebri
443 3005 534 3066 vasa,
567 2981 704 3049 arterias
733 2987 765 3050 et
788 3005 903 3068 renas,
931 2983 1112 3070 colligaret.
1158 2979 1248 3060 Qusc

83 3113 169 3158 vero
197 3091 231 3156 iu
260 3089 444 3175 aperiendis
472 3089 735 3176 dissecandisqrre
764 3091 957 3178 corporibus
990 3091 1030 3158 ad
1059 3089 1247 3158 huiusmodi

84 3201 298 3264 decretorum
327 3199 550 3264 inventionem
579 3199 755 3282 spectanda
789 3199 986 3280 existimem,
1017 3197 1095 3266 licet
1126 3198 1161 3266 in
1193 3197 1248 3264 sd·

86 3305 391 3372 ministrationibus
417 3305 610 3372 anatomicis
633 3303 737 3371 fusius
761 3307 882 3378 dicam.
905 3313 1015 3374 tamen
1038 3307 1139 3374 etiam
1161 3327 1247 3374 nuuc

86 3413 358 3480 commemorabo
388 3435 423 3478 ar
459 3419 587 3480 tuntum
621 3413 765 3500 quidem,
797 3419 955 3502 quantum
988 3415 1029 3482 ad
1062 3413 1249 3501 praeseutia

90 3521 304 3609 potissimum
337 3521 498 3587 conducit.
557 3521 677 3588 Exciso
710 3523 828 3608 capitis
866 3547 939 3590 osse
977 3523 1106 3589 vivente
1143 3519 1247 3586 adbuc

89 3627 228 3696 animali
249 3629 276 3694 si
297 3651 441 3694 crassam
462 3631 685 3696 membrunam
700 3629 913 3697 denudaveris
929 3653 1066 3716 eamque
1085 3627 1249 3714 utrimque

91 3761 110 3802 n
138 3736 246 3803 media
270 3757 429 3822 compage
457 3741 559 3822 rectu,
587 3760 652 3823 qua
679 3737 735 3804 illa
761 3741 793 3805 iu
817 3741 986 3806 cerebrum
1010 3737 1178 3824 duplicata
1201 3737 1248 3803 in·

92 3849 170 3928 trat,
193 3843 393 3910 ferramento
412 3843 546 3910 hamato
567 3847 737 3914 sustuleris
757 3859 854 3934 atque
874 3847 926 3914 ccl
945 3845 1096 3914 incideris
1119 3847 1248 3912 tantum

93 3950 146 4017 rel
170 3955 275 4018 totum
300 3949 467 4021 excideris.
490 3973 548 4016 uec
573 3975 668 4018 seusu
687 3979 745 4021 nec
771 3963 861 4022 motu
886 3955 1022 4024 orbatur
1045 3953 1167 4020 animal
1190 3975 1250 4018 uec

92 4059 217 4145 magis,
244 4059 272 4124 si
296 4079 368 4124 eum
394 4056 601 4125 membranae
629 4067 771 4146 partem,
799 4087 864 4151 qua
891 4063 1058 4131 cerebrum
1087 4061 1251 4150 posterius

92 4173 201 4232 totum
230 4166 413 4250 obtegitur,
441 4163 490 4228 rel
519 4165 672 4236 incideris
700 4173 826 4238 tautum
863 4171 913 4238 rel
946 4177 1050 4240 totum
1084 4169 1251 4236 excideris.

93 4273 164 4340 Nec
188 4295 264 4340 cero
290 4273 407 4354 mucis,
429 4271 457 4337 ei
481 4275 648 4342 cerebrum
674 4277 779 4364 ipsum
803 4279 1094 4368 quomodocunque
1116 4277 1251 4360 incidas,

96 4381 219 4450 animal
243 4381 336 4467 prius
361 4399 491 4446 sensum
514 4387 572 4446 sut
599 4389 726 4454 motum
749 4389 894 4474 amittet,
921 4409 1019 4474 quum
1043 4387 1084 4454 ad
1108 4385 1251 4474 aliquem
