2992 5034
721 341 765 354 -
810 255 892 372 ιιι
924 341 966 354 -

264 467 321 536 διὰ
344 465 382 536 τδ
405 463 487 555 μήτε
510 462 569 546 τάς
586 464 775 552 παθητικὰς
797 464 945 553 κινήσεις
968 461 1083 545 αὐτοῖς
1101 461 1243 552 ἰσχυρὰς
1267 461 1407 550 ὑπάρχειν

241 622 247 636 ·
262 573 344 665 μήτε
374 572 405 644 τί
440 571 633 661 λογιστικὸν
660 569 803 651 ἀσθενὲς
830 571 929 660 φύσει
958 571 1013 642 καί
1041 568 1227 650 ἀσύνετον,
1255 569 1337 640 ἀλλά
1362 569 1407 638 διὰ

263 679 416 771 ἀμαθίαν
438 683 493 750 καί
516 680 713 769 μοχθηροὺς
732 679 895 769 ἐθισμοὺς
913 683 1073 768 ἐμπαθῶς
1094 677 1340 768 ἀναγκάζεσθαι
1361 681 1408 764 ζήν

264 787 343 870 τοὺς
369 787 545 868 τοιούτους
567 785 787 874 ἀνθρώπους,
819 791 923 870 ἐνίοις
950 790 987 859 δὲ
1012 787 1135 876 χαλεπή
1164 789 1220 856 καὶ
1249 787 1408 865 δύσκολος.

236 895 349 966 ε’δταν
371 896 518 985 κινήσεις
541 898 579 963 αί
598 893 681 962 ιαιτά
710 895 823 976 πάθος
845 902 883 965 ιιί
903 895 960 966 διά
983 896 1045 984 τήν
1067 901 1130 966 τοῦ
1153 895 1308 982 σοι’ματος
1327 921 1409 962 κατα·

263 1001 390 1093 σκευήν
412 1001 602 1091 ἀναροιαίως
625 1002 800 1091 γινόμεναι
828 1004 968 1092 μεγάλαι
998 1005 1040 1092 δή
1064 1031 1154 1084 τινες
1177 993 1275 1070 οὖσαι
1301 1000 1406 1088 τύχωσι

263 1113 318 1181 καὶ
341 1111 488 1199 σφοδραὶ
517 1110 554 1179 τό
583 1137 617 1178 τε
650 1111 843 1197 λογιστικὸν
866 1109 1009 1193 ἀσθενὲς
1031 1113 1087 1182 καλ
1120 1109 1288 1180 ἀσύνετον
1314 1107 1410 1196 φύσει.

262 1216 325 1306 χρή
356 1217 421 1305 γάρ
448 1218 627 1288 καὶτοῦτο
655 1217 718 1306 μὲν
745 1219 931 1308 ἐπιστήμην
955 1225 1072 1306 λαβεῖν
1099 1222 1169 1288 τιον
1200 1213 1340 1304 ἀληθῶν
1364 1217 1408 1282 atil

263 1323 322 1407 τὰς
343 1323 426 1394 κατὰ
449 1323 561 1406 πάθος
584 1326 619 1394 δὲ
644 1324 793 1414 κινήσεις
811 1323 1051 1414 ἀμβλυνθήνιιι
1074 1340 1231 1414 χρηστοῖς
1254 1322 1410 1412 ἐπιτηδεύ-

223 1463 249 1501 ιο
263 1455 367 1522 μασιν
390 1435 597 1522 ἐθισθείσας,
621 1443 654 1503 εί
673 1461 722 1514 τις
745 1435 859 1522 μέλλοι
884 1441 1040 1521 βελτίονα
1063 1439 1100 1503 τὸ
1125 1425 1212 1521 ήθος
1235 1429 1410 1514 ἀποδείξειν

263 1541 323 1610 τὸν
350 1539 546 1628 ἄνθρωπον.
592 1538 680 1610 οὕτω
710 1541 747 1610 δὲ
776 1542 831 1609 καὶ
859 1541 1015 1610 πλάττειν
1044 1543 1077 1623 ἐξ
1106 1538 1209 1630 ἀρχῆς
1237 1539 1410 1628 ἄνθρωπον

262 1649 325 1738 χρή
359 1647 444 1736 πρὸς
475 1646 511 1716 τὸ
545 1649 718 1734 βέλτιστον
751 1645 910 1718 ἀπάντων
941 1649 1004 1738 μὲν
1041 1653 1175 1737 πρῶτον
1212 1646 1325 1718 αὐτῶν
1352 1651 1410 1715 τῶν

195 1756 461 1844 ςςςσπερμάτων
493 1756 783 1843 προνοουμένους,
816 1750 867 1836 οἷς
896 1760 900 1848 l
930 1759 1048 1844 εἰρεξής
1071 1761 1128 1843 τής
1156 1761 1303 1844 διαίτης,
1331 1751 1408 1842 ήνή

263 1863 392 1932 κύουσα
416 1861 620 1950 διαιτήσεται
648 1864 731 1933 κατά
760 1891 793 1933 τε
822 1863 881 1945 τίις
908 1863 1037 1953 τροιράς
1059 1865 1113 1932 καὶ
1142 1861 1182 1932 cci
1210 1863 1340 1952 πόματα
1364 1863 1408 1930 nul

224 2001 248 2040 ιι
262 1969 302 2040 τά
326 1969 495 2060 γυμνάσια
518 1972 573 2040 καί
597 1969 655 2051 τάς
676 1968 814 2059 ἡσυχίας
836 1973 891 2040 καὶ
916 1970 995 2051 τοὺς
1018 1971 1146 2052 ὕπνους
1167 1971 1221 2039 καί
1248 1969 1308 2052 τάς
1328 1972 1410 2056 lypp-

263 2077 396 2168 γόρσεις
411 2079 591 2167 ἐπιθυμίας
608 2106 651 2176 τε
662 2079 716 2148 καὶ
736 2077 870 2168 θυμοὺς
885 2076 947 2148 ὅσα
962 2107 996 2148 τε
1011 2077 1095 2149 ἀλλα
1114 2085 1266 2164 τοιαῦτα,
1286 2077 1355 2162 περὶ
1369 2069 1410 2144 ἀν

299 2296 448 2380 3ζητοῐισι
471 2290 618 2358 τοιούτους
644 2311 694 2366 pro
719 2296 770 2378 ζήν
789 2291 896 2357 coaice.
916 2293 1001 2348 L-
1027 2301 1043 2349 4
1063 2295 1192 2364 χαλεπῶς
1210 2294 1261 2349 καί
1279 2289 1408 2353 sumini

263 2369 348 2425 L.·-
372 2376 389 2423 θ
413 2363 459 2422 ὅτε
480 2364 513 2421 ιιί
531 2364 656 2434 ιιινίσεις
675 2364 747 2421 nacci
770 2367 852 2422 L-
880 2363 961 2432 πάθη
980 2366 1070 2422 lt-
1101 2373 1118 2422 6
1142 2367 1173 2422 δὲ
1200 2385 1263 2452 pro
1278 2363 1314 2434 δή
1336 2366 1364 2420 L.
1381 2394 1408 2404 -

264 2461 354 2526 τιναμς
373 2439 462 2496 .ll.-
485 2445 499 2492 ι
520 2434 551 2492 τό
571 2458 599 2492 τε
621 2435 653 2492 τὸ
672 2442 730 2506 top.
750 2439 823 2493 L.-
830 2433 979 2500 ἀσθενὲς
997 2457 1051 2494 om.
1072 2439 1153 2492 L.-—
1176 2433 1364 2493 Stoitaab.
1382 2465 1408 2475 -

263 2521 279 2568 θ
295 2507 459 2580 αυληθήνοιι
475 2527 526 2582 pro
540 2505 682 2579 ἀμβλυνθ.
697 2511 781 2564 L.—
805 2519 837 2565 ltl
852 2505 1017 2564 λθισθεὶσαι
1033 2511 1054 2565 L
1071 2508 1244 2566 ἐθισθείσαν
1259 2505 1408 2566 ‚llilllb'bli

263 2581 513 2646 intumescentia
533 2581 673 2637 ei.Proll.
692 2600 720 2672 p.
740 2590 832 2637 86.-
858 2577 1322 2666 ειμὲλλοιμενλμάποδείξοι
1341 2581 1408 2634 L.-

265 2665 296 2711 13
317 2650 366 2712 to’
387 2649 500 2736 εξήςλι.
521 2684 554 2694 -
576 2647 610 2720 ἣν
630 2651 741 2716 οίιιειιος
759 2648 798 2708 ἄν
817 2671 866 2725 pro
889 2647 923 2722 ήν
945 2649 960 2722 'l
981 2651 1147 2723 aoooouL3
1173 2654 1208 2708 cl.
1228 2653 1313 2709 Proll
1331 2671 1356 2724 p.
1373 2657 1409 2704 94.

265 2734 352 2783 -14
371 2697 600 2795 διαιτήσήταιΙι.
619 2755 655 2766 -

264 2949 382 3014 citatas
419 2943 522 3012 animi
559 2942 720 3010 motiones
762 2944 936 3011 admodum
973 2943 1077 3010 fortes
1119 2964 1224 3028 neque
1264 2945 1409 3010 rationem

264 3054 464 3122 imbecillam
489 3051 703 3138 hebetemque
723 3062 840 3117 natum
865 3052 997 3136 habeut,
1020 3053 1074 3116 sed
1099 3063 1236 3137 propter
1260 3052 1409 3117 inscitiam

264 3183 464 3250 pravamque
488 3159 756 3226 cousuetudinem
780 3183 853 3226 cum
882 3165 973 3226 motu
1002 3159 1140 3246 quodam
1165 3159 1268 3225 animi
1292 3159 1410 3224 turbato

264 3273 372 3338 vivere
396 3267 620 3335 huiuscemodi
645 3267 794 3335 homines
815 3273 989 3354 cognatum
1014 3269 1047 3332 in
1072 3267 1147 3332 aliis
1171 3275 1285 3334 contra
1308 3265 1411 3333 ‹tilliet-

264 3379 329 3444 lem
358 3381 389 3443 et
418 3376 624 3461 impeditam,
657 3377 690 3441 in
723 3377 842 3462 quibus
876 3381 985 3442 motus
1009 3381 1184 3442 allectuum
1213 3397 1251 3440 ex
1276 3373 1411 3460 eorporis

177 3539 180 3544 .
264 3485 499 3552 constitutione
523 3507 597 3548 cum
620 3485 817 3550 necessitate
845 3485 985 3570 quadam
1015 3485 1231 3550 inolescentes
1255 3483 1363 3570 magni
1385 3486 1411 3544 et

264 3593 473 3660 vehementes
494 3591 699 3676 exstiterunt,
718 3593 804 3657 ratio
824 3615 900 3656 vero
915 3592 1044 3657 intirma
1065 3598 1183 3656 natura
1198 3599 1296 3677 utque
1315 3591 1412 3656 hebes.

263 3702 406 3768 Necesse
431 3700 518 3764 enim
542 3703 592 3763 est
616 3705 649 3764 et
677 3699 761 3764 hauc
786 3700 924 3764 seientia
948 3699 1016 3763 veri
1040 3699 1143 3765 imbui
1168 3704 1200 3762 et
1224 3699 1324 3765 animi
1347 3719 1410 3762 cou-

264 3809 439 3876 citationes
463 3809 623 3873 bonorum
648 3808 831 3873 studiorum
856 3807 1089 3873 consuetudine
1114 3807 1266 3887 obtundi,
1294 3809 1322 3872 si
1348 3803 1411 3892 quis

264 3901 431 3984 hominem
464 3915 580 3982 melius
610 3921 774 3980 moratum
808 3917 993 3980 redditurus
1024 3919 1083 3980 est.
1135 3913 1188 3980 Sic
1217 3937 1357 4000 quoque,
1382 3913 1409 3974 ut

232 4049 239 4058 ¹
265 4023 431 4090 hominem
460 4047 479 4088 a
508 4024 614 4108 primo
644 4027 718 4089 ortu
748 4024 788 4090 οδ
817 4025 978 4108 optimam
1006 4023 1276 4090 constitutionem
1306 4023 1410 4088 forme

265 4155 347 4217 mus,
365 4133 508 4218 primum
524 4132 669 4198 omnium
689 4133 823 4197 seminis
843 4132 947 4218 ipsius
962 4155 1040 4196 cura
1059 4129 1208 4196 habenda
1229 4135 1290 4214 est,
1307 4126 1410 4195 deinde

265 4239 382 4324 victus,
400 4262 463 4326 quo
484 4263 582 4305 usura
601 4262 784 4326 praegnans
805 4241 922 4306 mulier
940 4241 984 4304 sit
1003 4241 1036 4304 in
1056 4239 1140 4320 cibo,
1159 4242 1250 4324 potu,
1268 4236 1409 4305 exercita·

266 4347 421 4434 tionibus,
444 4347 562 4434 quiete,
585 4371 710 4434 sonmo,
735 4349 869 4434 vigiliis,
893 4347 1138 4434 cupiditatibus,
1162 4347 1212 4413 ira
1230 4347 1362 4433 aliisque
1381 4339 1407 4406 il
