3048 5036
692 344 939 411 -128-

232 528 332 594 quom
363 503 528 591 quomodo
560 504 785 588 refecerimus,
818 505 890 572 virle
926 511 1056 573 textum
1091 511 1240 573 nostrum
1278 507 1398 594 ipsum.

231 614 291 702 Pp.
313 613 380 682 282
405 617 438 680 et
460 613 541 698 283,
568 613 687 700 quibus
716 619 874 679 extremo.
889 636 968 700 pars
992 615 1069 680 libri
1093 615 1227 682 secundi
1251 616 1398 682 contine·

232 728 300 808 tur,
327 725 365 788 ut
392 743 431 788 ex
458 721 670 788 adnotatione
701 721 816 787 critico
848 727 1000 808 apparet,
1032 723 1161 790 codices
1189 727 1315 790 textum
1348 725 1399 790 ito

232 829 390 896 traditum
412 828 550 915 habent,
573 833 611 896 ut
633 829 850 914 archetypum
870 829 993 916 aliquid
1016 831 1205 897 detrimenti
1230 833 1398 918 occepisse

232 943 330 1026 atque
357 940 465 1005 toturn
492 937 601 1004 locum
628 960 697 1004 non
719 938 884 1024 integrum
912 938 1084 1024 reliquisse
1110 961 1170 1024 pro
1194 945 1285 1006 certo
1309 941 1397 1006 nl'tir-

232 1045 318 1114 mari
339 1045 456 1132 possit.

321 1153 419 1222 Nunc
442 1154 591 1222 venimus
619 1153 661 1220 od
688 1152 844 1221 ritiomm
871 1155 1214 1242 gommonitorium,
1242 1155 1329 1242 quod
1357 1181 1397 1223 ox

233 1264 403 1333 vocabulis
436 1264 506 1328 siue
537 1285 597 1348 per
629 1284 773 1329 errorem
810 1264 879 1329 sive
913 1263 1063 1330 consulto
1102 1263 1222 1330 additis
1256 1270 1398 1342 constat,

232 1373 325 1440 cuius
348 1371 479 1459 quidem
501 1393 570 1437 non
592 1393 697 1455 pauco
722 1372 870 1456 exemplu
894 1372 928 1437 in
951 1376 1089 1457 utraque
1113 1371 1243 1437 furnilic
1266 1379 1398 1438 exstant

232 1481 274 1548 ad
297 1501 504 1547 communem
528 1478 689 1564 originem
717 1479 895 1544 referendo.
941 1479 976 1545 P.
1000 1480 1067 1545 ‘292
1096 1483 1176 1544 extr.
1199 1478 1323 1546 llAFP
1345 1475 1398 1547 ὅτι

232 1579 288 1654 οἷα
312 1583 370 1654 διὰ
392 1583 499 1672 πυρός
522 1610 559 1672 γε
582 1586 718 1668 habeut,
747 1585 773 1651 L
798 1581 849 1652 ὅτι
873 1579 928 1653 οἷα
952 1583 1036 1672 πρὸς
1059 1588 1116 1672 γῆς
1145 1587 1227 1652 illud
1255 1579 1311 1653 οἷα
1339 1585 1398 1654 διά

230 1695 316 1762 nihil
340 1695 429 1762 uliud
453 1700 503 1760 esi
525 1695 591 1760 nisi
615 1689 671 1758 διά
695 1693 746 1758 bis
772 1694 945 1780 seriptum,
968 1719 1045 1762 num
1066 1696 1086 1761 o·
1106 1699 1139 1760 et·
1159 1719 1176 1760 o
1199 1697 1397 1762 commutari

232 1805 337 1872 solere
365 1803 493 1872 Koehn.
522 1802 562 1868 ad
592 1801 725 1888 Gregor.
753 1823 784 1886 p.
811 1803 875 1867 120
903 1803 975 1869 adn.
1001 1803 1048 1870 ed.
1072 1801 1201 1870 Schoef.
1225 1803 1333 1892 docet3
1361 1805 1399 1872 in

230 1911 259 1978 L
283 1911 510 2000 dittographio
537 1911 610 1977 ideo
639 1913 769 1975 tuntum
793 1910 899 1976 vitata
922 1933 993 1976 esse
1019 1911 1162 1995 videtur,
1189 1911 1276 1997 quod
1298 1911 1398 1978 libro·

231 2021 300 2088 rius
327 2043 388 2106 pro
416 2015 522 2104 πνρός
550 2041 586 2102 γε
619 2011 703 2104 πρὸς
730 2017 772 2102 γῆ
800 2017 883 2104 legit
911 2018 952 2084 ob
977 2040 1113 2104 eamque
1137 2041 1205 2085 rem
1233 2019 1316 2086 illud
1339 2018 1398 2087 ritui

230 2127 316 2196 nihil
339 2128 404 2194 loci
428 2125 619 2192 habiturum
643 2126 739 2192 eiecit
764 2123 810 2210 (p.
835 2127 898 2192 713
923 2131 1018 2210 extu,
1045 2127 1102 2192 ubi
1131 2127 1218 2194 idern
1241 2128 1333 2194 locus
1357 2151 1398 2196 ex

230 2235 366 2302 Timaeo
399 2234 547 2302 Platonis
580 2233 746 2302 laudatur.
783 2232 850 2298 MA
886 2233 980 2299 illam
1018 2233 1279 2320 dittographiam
1313 2237 1397 2302 rito-

232 2343 372 2430 verunt).
422 2343 457 2407 P.
486 2343 552 2407 2³55
580 2365 610 2427 p.
639 2343 658 2406 i.
688 2339 782 2406 [ull-l
812 2336 861 2406 ὅτι
891 2337 927 2406 ὀὶ
957 2335 1019 2406 οὐκ
1048 2340 1084 2406 ἐκ
1110 2343 1179 2408 τῶν
1208 2342 1398 2429 ἐγκεφάλου

232 2447 413 2536 δυνάμεων
442 2443 461 2536 ἡ
490 2451 612 2535 nuptiis(
644 2444 706 2533 τὴν
739 2445 877 2532 πρώτην
906 2443 1014 2534 ἀρχὴν
1042 2451 1107 2533 ἔχει
1141 2453 1301 2538 scribunt3
1334 2475 1396 2539 pro

232 2557 268 2626 ἐκ
291 2557 402 2627 Chart.
426 2560 473 2623 ἔτι
497 2557 598 2624 scribi
622 2557 740 2640 voluit3
765 2579 824 2622 nos
849 2558 952 2623 eiecto
977 2557 1035 2624 illo
1055 2556 1091 2622 ἐκ
1114 2561 1319 2626 restituimus
1344 2557 1396 2627 ὅτι

232 2663 268 2732 δὲ
302 2661 344 2734 οὖ
376 2667 445 2732 τῶν
473 2690 502 2731 κ.
529 2689 556 2730 τ.
584 2669 613 2730 l.
668 2665 702 2729 P.
731 2666 796 2730 319
827 2689 850 2729 s,
881 2665 903 2728 f.
937 2665 971 2730 iu
999 2664 1025 2732 O
1059 2666 1218 2752 scriptum
1252 2667 1396 2754 legimus

233 2769 429 2860 ὑπερβαίνοι
458 2771 495 2840 τὸ
524 2771 564 2838 τὰ
594 2767 700 2849 οὕτως
728 2765 909 2856 ἀναγκαῖα,
938 2773 972 2838 in
996 2773 1061 2838 MA
1092 2767 1330 2858 ὑπερβαίνοντα
1354 2771 1396 2842 τὰ

230 2907 259 2949 κ.
291 2908 318 2950 τ.
355 2887 398 2959 λ.;
437 2890 609 2966 utrumque
647 2879 799 2945 mendum
838 2903 876 2944 ex
915 2881 1065 2947 Articulo
1102 2883 1182 2948 olim
1220 2882 1397 2967 dupliciter

231 2991 356 3078 scripto
383 2995 498 3055 natum
527 2992 585 3053 est.
636 2987 785 3054 Eundem
815 2989 1000 3054 Articulum
1029 2988 1122 3055 CMA
1154 3013 1185 3076 p.
1218 2991 1282 3056 257
1312 3015 1342 3076 p.
1373 2993 1395 3056 i.

231 3093 484 3186 ροσ1ὦςεῖννι
509 3092 641 3162 corticis
666 3097 826 3161 insertum
851 3095 982 3162 hubent.
1019 3095 1054 3162 P.
1078 3097 1142 3162 231
1168 3099 1204 3164 in
1227 3097 1252 3164 C
1277 3103 1395 3184 καίπερ

231 3203 314 3276 ὄντα
337 3202 425 3274 πολὺ
448 3203 511 3292 μὲν
530 3242 574 3252 -
594 3199 684 3290 ὅμως
707 3201 745 3270 (li
769 3197 832 3270 οὐκ
855 3229 884 3270 κ.
902 3228 929 3269 τ.
953 3209 996 3284 1.,
1020 3203 1087 3271 MA
1110 3203 1173 3292 μέν
1196 3213 1274 3292 post
1296 3204 1395 3290 πολύ,

231 3341 297 3384 non
325 3311 361 3381 ol
391 3319 467 3400 post
496 3308 586 3399 ὅμως
613 3311 749 3398 habeutg
778 3313 891 3398 utique
920 3319 952 3378 et
981 3313 1043 3379 lroc
1073 3321 1105 3378 et
1135 3313 1216 3380 illud
1245 3339 1264 3380 u
1295 3339 1395 3384 manu

232 3423 348 3492 Galerii
368 3424 512 3490 alienum
531 3427 589 3488 est.
627 3421 660 3486 P.
680 3422 746 3486 4i4
766 3425 845 3487 extr.
866 3419 958 3486 Lll.l
978 3445 1012 3486 τε
1032 3422 1119 3487 inter
1137 3417 1177 3487 τὰ
1197 3427 1395 3507 χρονίζοντα

231 3537 264 3598 ct
291 3533 359 3598 τῶν
387 3533 510 3598 παθῶν
538 3532 648 3616 inepte
677 3529 898 3612 inseruerunt,
925 3529 1025 3594 iidem
1053 3553 1083 3616 p.
1112 3533 1179 3596 494
1207 3554 1238 3616 p.
1267 3553 1309 3598 m.
1339 3537 1399 3598 καί

231 3645 308 3708 onte
327 3635 410 3706 κατὰ
434 3638 580 3711 ἐκεῖνον,
605 3662 634 3724 p.
654 3641 721 3704 lsz’
742 3637 824 3704 merl.
847 3633 865 3723 ἦ
890 3643 965 3703 aute
989 3633 1072 3703 κατὰ
1096 3631 1230 3705 ταύτόν.
1268 3641 1396 3726 Aperta

231 3753 342 3816 nutem
370 3748 585 3834 glossemata,
614 3769 752 3833 quorum
781 3747 874 3833 origo
907 3747 1089 3812 communis
1119 3763 1181 3814 est.
1214 3747 1273 3814 illo
1306 3755 1395 3814 suut:

230 3879 262 3944 p.
289 3857 356 3922 226
384 3857 466 3922 med.
495 3855 532 3920 ἐν
561 3848 644 3940 αὐτῇ
673 3861 748 3940 post
777 3849 1014 3938 ἀκολουθήσας
1043 3851 1094 3919 e’rrl
1124 3853 1242 3922 πλέον.
1270 3879 1301 3942 p.
1327 3858 1394 3924 212

230 3970 311 4032 extr.
335 3963 448 4050 λέγειν
474 3969 549 4050 post
577 3967 778 4048 σαίνεσθαι,
807 3987 838 4049 p.
863 3963 927 4028 994
956 3985 983 4027 a.
1013 3985 1056 4028 m.
1084 3962 1289 4048 ἐπιχειρῆσαι
1318 3973 1395 4050 post

230 4075 454 4159 πειρασθῆναι
486 4071 586 4156 γοῦν,
615 4095 645 4157 p.
673 4073 737 4139 44?
768 4095 798 4157 p.
821 4072 843 4137 i.
866 4069 918 4136 καὶ
950 4063 1166 4149 καταστάσεις
1193 4075 1268 4157 post
1292 4069 1395 4158 μόριά

230 4204 264 4248 τε
289 4177 344 4246 καὶ
368 4191 530 4266 στοιχεῖα,
559 4203 589 4266 p.
612 4181 678 4246 510
702 4204 732 4265 p.
756 4181 776 4246 i.
804 4179 856 4244 uui
889 4173 906 4244 ὁ
935 4175 1047 4264 θυμός
1070 4187 1146 4265 post
1176 4173 1194 4264 ἡ
1219 4177 1395 4267 ἐπιθυμία,

231 4313 262 4376 p.
286 4289 352 4356 514
377 4313 406 4376 p.
430 4313 472 4356 m.
496 4295 546 4373 eiu
571 4302 647 4373 post
670 4313 720 4366 τις
742 4283 856 4354 εἰπών.

320 4395 372 4464 Ex
390 4395 442 4464 his
462 4419 545 4486 quue
565 4397 724 4483 elegimus
748 4397 905 4482 exemplis
928 4395 1000 4462 luce
1019 4395 1140 4461 clarius
1160 4401 1252 4482 putet
1271 4403 1395 4467 utrom-
