3022 5038
699 293 947 360 ..546-

239 448 357 540 δρᾶται
380 451 510 540 τρόπον
533 452 587 520 καὶ
611 449 651 520 τὰ
675 451 766 537 φυτὰ
789 453 845 522 καὶ
868 451 909 521 τὰ
934 453 998 542 ζῷα
1021 448 1085 538 τὴν
1112 451 1246 540 τροφὴν
1271 452 1409 534 ἑαυτοῖς

240 555 433 647 δμοιοῦντα.
476 564 637 648 δηλοῦται
661 561 698 628 δὲ
722 560 900 629 τοῦτοκαὶ
924 561 960 627 ἐκ
983 563 1053 627 τῶν
1075 556 1270 648 ἡμιπέπτιον
1293 587 1409 650 περιτ-

171 665 401 754 ἴιὸὄτωμιίτων
426 665 555 756 ὁμοίων
582 665 634 737 δελ
662 669 853 756 γινομένων
882 681 953 746 τοῖς
979 667 1209 754 τρεφοξμένοις
1237 668 1408 756 σιόμασιν,

238 765 289 843 ὧν
316 776 386 845 έστι
416 775 653 867 περιττώματα.
703 775 932 863 φυσικωτερος
959 773 1021 862 μὲν
1055 767 1118 844 οὖν
1151 773 1170 844 ὃ
1203 773 1306 863 λόγος
1333 777 1407 844 tort

211 883 295 962 ικαὶ
319 883 479 972 δεόμενος
502 881 678 972 ἀκροατῶν
704 883 1058 971 προγεγυμνασμέυων
1081 885 1119 951 έν
1141 885 1310 971 τοῖςπερὶ
1333 888 1408 953 τῶν

238 995 393 1078 φυσικῶν
422 990 602 1078 δυνάμεων
629 999 819 1080 λογισμοῖς,
848 987 909 1071 οὓς
936 994 1007 1081 ίδίᾳ
1036 989 1224 1078 διήλθομεν
1247 991 1409 1080 ἑτέρωθι,

237 1099 437 1186 λεχθήσεται
466 1099 502 1167 δὲ
535 1101 589 1168 καὶ
618 1103 684 1168 νῦν
712 1097 830 1187 ὀλίγον
863 1097 1019 1186 ὕστερον·
1054 1101 1092 1166 έν
1120 1098 1156 1166 δὲ
1184 1103 1229 1191 τῷ
1258 1097 1406 1188 παρόντι

239 1208 435 1276 συντελέσαι
467 1205 634 1295 βούλομαι
666 1205 728 1277 τὸν
767 1205 848 1294 ὑπὲρ
885 1211 944 1295 της
973 1204 1234 1294 Ἐρασιστράτου
1265 1205 1409 1294 γυοίμης

238 1311 370 1382 ἅπαντα
392 1313 512 1401 λόγον,
536 1305 562 1406 ᾧ
586 1311 831 1402 ἀποδέδεικται,
860 1313 905 1396 ὡς
931 1314 1013 1384 κατὰ
1043 1315 1106 1401 την
1133 1313 1272 1404 πρωτην
1300 1317 1338 1384 έν
1362 1319 1407 1402 τη

200 1447 225 1484 ιο
238 1419 347 1512 μήτρᾳ
370 1425 438 1490 τῶν
462 1421 620 1510 ἐμβρύων
644 1422 826 1491 διάπλασιν
854 1419 916 1491 οὐκ
944 1425 980 1491 έιι
1007 1425 1066 1512 της
1093 1425 1234 1510 καρδίας
1261 1426 1300 1490 αλ
1323 1423 1408 1508 φλέ-

155 1545 161 1552 ’
238 1534 295 1615 βες
322 1538 453 1617 ίσχονσι
486 1530 549 1616 την
581 1532 724 1617 γένεσιν.
773 1529 897 1598 ἅπασαι
931 1528 996 1620 γὰρ
1028 1535 1068 1600 αί
1096 1530 1179 1600 κατὰ
1212 1530 1249 1599 τὸ
1283 1529 1407 1619 χόριον

196 1631 200 1636 ’
238 1637 363 1723 φλέβες
386 1641 424 1705 αι’
444 1636 674 1708 συνάπτουσαι
704 1641 743 1727 τῇ
775 1637 883 1728 μήτρᾳ
910 1638 948 1708 τὸ
976 1637 1169 1727 κυούμενον
1192 1633 1407 1727 δποβλιιστη-

239 1743 327 1834 ματιλ
352 1749 415 1813 eloe
439 1747 517 1832 μιᾶς
539 1751 696 1832 μεγίστης
719 1745 843 1832 φλεβὸς
866 1749 900 1828 ἐξ
926 1745 1048 1834 ἥπατος
1071 1743 1280 1835 ὡρμημένης.
1315 1745 1406 1836 αὕτη

239 1852 276 1920 δὲ
300 1849 411 1941 ὥσπερ
434 1879 465 1919 τι
490 1854 641 1940 στέλεχος
664 1854 716 1922 ἐπὶ
735 1851 897 1941 πτόρθων
919 1855 1126 1943 παμπόλλων
1149 1857 1218 1924 τεόν
1240 1857 1274 1938 έξ
1298 1851 1407 1944 αὐτῆς

200 1981 226 2022 ιο
240 1958 478 2046 έκπεφυκότων
501 1956 647 2046 ἀγγείων
663 1965 717 2040 ἐίς
740 1957 777 2029 τὸ
802 1961 920 2048 χόριον
943 1960 1020 2050 ἄχρι
1043 1968 1201 2032 πλείστου
1223 1961 1286 2052 μέν
1309 1962 1405 2050 ἄσχι-

241 2089 319 2148 στος
349 2068 405 2136 καὶ
437 2073 497 2155 μία
530 2069 681 2156 μένουσα
710 2069 907 2156 διεξέρχεται
941 2072 1025 2157 μέγα
1058 2070 1224 2160 διάστημα
1251 2069 1289 2140 τὸ
1317 2071 1406 2142 κατὰ

277 2289 293 2340 δ
312 2278 449 2354 δεόμενος
473 2278 571 2338 risorio
594 2282 675 2339 codd.
694 2284 758 2340 edd.
783 2287 807 2340 δ,
829 2279 978 2351 ἀκροατῶν
1001 2301 1067 2351 nost
1090 2285 1126 2342 cf.
1145 2285 1232 2342 Proll.
1255 2305 1283 2358 p.
1303 2295 1345 2344 θλ.
1370 2321 1406 2330 -

241 2363 257 2412 a
277 2351 422 2426 ἑτέρωθεν
441 2355 583 2410 MABCh.
605 2387 635 2394 -
660 2363 690 2412 11
712 2352 809 2425 χόριον
825 2357 911 2411 MAB
931 2359 1026 2426 χορίον
1041 2355 1122 2413 chK.
1137 2389 1172 2400 -
1193 2365 1226 2413 12
1245 2359 1296 2414 rori
1316 2359 1405 2415 auoi-

239 2447 326 2499 μενον
345 2429 377 2482 Δ.
398 2457 432 2468 -
456 2422 661 2496 ineptiusque
680 2423 707 2482 τ’
729 2427 783 2483 είσί
803 2430 863 2498 (sic)
884 2429 951 2484 its.
976 2461 1010 2470 -
1037 2437 1069 2485 15
1088 2426 1308 2555 pastinamus
1327 2439 1405 2502 apat

240 2515 299 2555 vau.
319 2503 429 2570 septem
448 2499 521 2566 litt.;
541 2499 642 2554 deinde
661 2497 703 2564 τίς
721 2497 753 2554 τὸ
772 2500 802 2554 in
822 2501 858 2554 il.
879 2532 912 2541 -
935 2507 966 2556 ru
986 2501 1087 2573 μιᾶςδ
1118 2499 1170 2572 μιᾶ
1189 2504 1223 2558 Δ.
1243 2533 1277 2544 -

240 2717 374 2804 accipit,
402 2719 516 2784 eodem
545 2717 643 2784 modo
667 2721 700 2782 et
727 2719 847 2803 stirpes
876 2723 909 2783 et
937 2720 1093 2786 animalia
1121 2721 1313 2788 alimentum
1336 2723 1406 2791 sibi

239 2825 322 2910 ipsis
347 2825 454 2890 simile
484 2825 616 2891 reddere
644 2827 901 2910 conspiciuntur.
947 2827 1019 2895 Hoe
1048 2829 1149 2895 etiam
1172 2850 1189 2894 e
1213 2830 1406 2898 semitectis

240 2933 454 2998 excrementis
479 2933 690 3000 manifestum
714 2935 764 3018 fit3
795 2934 876 3001 haee
900 2937 988 3002 enim
1016 2959 1145 3022 semper
1173 2937 1296 3004 similia
1319 2939 1408 3006 fiunt
1496 2921 1497 2930 λ

240 3041 442 3125 corporibus,
465 3063 549 3126 quae
573 3041 714 3124 alantur,
739 3065 877 3128 qnorum
902 3049 978 3110 sunt
1001 3049 1217 3111 excrementa
1263 3045 1406 3114 l'erum·

240 3151 351 3213 tauma
388 3149 544 3232 quoniam
582 3147 662 3214 haec
689 3148 882 3236 ⁴disputatio
919 3151 1026 3238 magis
1064 3151 1105 3218 ad
1143 3151 1327 3219 doctrinam
1360 3155 1406 3221 de

240 3253 369 3319 naturis
400 3277 510 3321 rerum
542 3261 671 3342 spectat
704 3257 946 3344 lectoribusque
978 3257 1106 3345 indiget
1137 3259 1172 3326 in
1199 3261 1405 3329 naturalium

165 3427 170 3434 ,
241 3361 435 3430 facultatum
459 3365 643 3430 rationibus
668 3365 758 3450 prius
782 3366 984 3450 exercitatis,
1012 3367 1192 3452 dequibus
1221 3391 1294 3434 cum
1318 3369 1404 3436 alibi

239 3471 421 3555 separatim
450 3471 603 3557 disserui,
636 3475 706 3538 tum
734 3473 796 3540 hoc
829 3474 902 3539 loco
931 3475 1029 3559 paulo
1057 3479 1135 3560 post
1164 3475 1338 3560 disseram,
1365 3477 1406 3545 iu

240 3579 406 3662 praesenti
430 3580 507 3646 volo
531 3585 637 3646 totam
666 3581 705 3645 de
729 3581 926 3647 Erasistrati
950 3583 1115 3648 sententie
1138 3583 1322 3650 orationem
1345 3585 1407 3652 ab·

241 3685 382 3770 solvere,
406 3710 470 3773 qua
498 3688 742 3755 demonstratur
771 3711 870 3754 terras
902 3691 935 3755 in
959 3691 1067 3776 prima
1095 3690 1221 3756 ieiuunr
1249 3692 1284 3758 in
1307 3696 1405 3762 utero

240 3793 438 3861 formatione
476 3819 493 3860 e
531 3796 626 3861 eorde
665 3797 824 3883 originem
863 3820 928 3862 non
966 3797 1096 3862 habere.
1155 3798 1276 3866 Omnes
1313 3801 1404 3868 enim

241 3901 457 3968 secundarum
484 3925 598 3988 venae,
621 3925 705 3990 quae
729 3909 921 3988 conceptum
946 3909 1038 3971 utero
1063 3905 1253 3993 adnectunt,
1281 3931 1404 3994 propa·

241 4009 334 4095 gines
364 4015 440 4074 sunt
468 4009 563 4074 unius
597 4032 699 4076 venae
728 4011 890 4077 maximae
919 4035 939 4076 ιι
966 4013 1073 4080 iecore
1101 4015 1259 4082 exeuntis.
1309 4015 1404 4096 Quae

241 4117 343 4182 veluti
367 4117 469 4202 stirps
494 4117 652 4203 quaedam
677 4143 750 4184 eum
774 4121 875 4184 ramis
903 4121 1091 4206 permultis,
1118 4123 1167 4188 ita
1190 4145 1263 4190 euru
1287 4147 1404 4192 vaseu-

240 4222 282 4290 lis
312 4247 351 4290 ex
379 4225 452 4310 ipsa
485 4226 520 4292 iu
552 4226 709 4292 secundas
743 4227 995 4312 procedentibus
1024 4229 1226 4316 aliquamdiu
1259 4231 1404 4300 indivisa

241 4337 339 4416 utque
363 4356 426 4398 uua
449 4356 581 4399 manens
602 4357 756 4418 rnagnmu
783 4336 1001 4420 intervallum,
1024 4336 1109 4424 qnod
1129 4338 1162 4402 in
1186 4337 1259 4422 ipso
1278 4341 1403 4408 viscere
