<?xml version="1.0" encoding="UTF-8"?>
<!DOCTYPE html PUBLIC "-//W3C//DTD XHTML 1.0 Transitional//EN"
    "http://www.w3.org/TR/xhtml1/DTD/xhtml1-transitional.dtd">
<html xmlns="http://www.w3.org/1999/xhtml" xml:lang="en" lang="en">
 <head>
  <title>
</title>
<meta http-equiv="Content-Type" content="text/html;charset=utf-8" />
  <meta name='ocr-system' content='tesseract 3.04.00' />
  <meta name='ocr-capabilities' content='ocr_page ocr_carea ocr_par ocr_line ocrx_word'/>
</head>
<body>
  <div class='ocr_page' id='page_1' title='image "./claudiigalenide01mlgoog_0300.png"; bbox 0 0 2994 5024; ppageno 0'>
   <div class='ocr_carea' id='block_1_1' title="bbox 550 355 797 422">
    <p class='ocr_par' dir='ltr' id='par_1_1' title="bbox 550 355 797 422">
     <span class='ocr_line' id='line_1_1' title="bbox 550 355 797 422; baseline 0 0"><span class='ocrx_word' id='word_1_1' title='bbox 550 355 797 422; x_wconf 79' lang='lat'>-269-</span> 
     </span>
    </p>
   </div>
   <div class='ocr_carea' id='block_1_2' title="bbox 99 509 1417 2330">
    <p class='ocr_par' dir='ltr' id='par_1_2' title="bbox 99 509 1417 2113">
     <span class='ocr_line' id='line_1_2' title="bbox 101 509 1253 604; baseline -0.003 -20"><span class='ocrx_word' id='word_1_2' title='bbox 101 515 179 604; x_wconf 85' lang='grc' dir='ltr'><strong><em>σμὸν</em></strong></span> <span class='ocrx_word' id='word_1_3' title='bbox 202 514 377 602; x_wconf 84' lang='grc' dir='ltr'><strong><em>άρρωστον</em></strong></span> <span class='ocrx_word' id='word_1_4' title='bbox 411 509 430 602; x_wconf 85' lang='grc' dir='ltr'><em>ἢ</em></span> <span class='ocrx_word' id='word_1_5' title='bbox 458 510 585 603; x_wconf 76' lang='grc' dir='ltr'><strong><em>άμαθῆ.</em></strong></span> <span class='ocrx_word' id='word_1_6' title='bbox 630 519 662 582; x_wconf 78' lang='grc' dir='ltr'><strong>εἰ</strong></span> <span class='ocrx_word' id='word_1_7' title='bbox 687 512 749 604; x_wconf 72' lang='grc' dir='ltr'><strong>μέν</strong></span> <span class='ocrx_word' id='word_1_8' title='bbox 777 511 842 602; x_wconf 82' lang='grc' dir='ltr'><strong>γάρ</strong></span> <span class='ocrx_word' id='word_1_9' title='bbox 869 513 924 580; x_wconf 80' lang='grc' dir='ltr'><strong>καὶ</strong></span> <span class='ocrx_word' id='word_1_10' title='bbox 955 511 1073 600; x_wconf 79' lang='grc' dir='ltr'><strong><em>ῥύμην</em></strong></span> <span class='ocrx_word' id='word_1_11' title='bbox 1100 511 1155 581; x_wconf 79' lang='grc' dir='ltr'><strong><em>καλ</em></strong></span> <span class='ocrx_word' id='word_1_12' title='bbox 1184 513 1253 581; x_wconf 85' lang='grc' dir='ltr'><strong><em>έιτι-</em></strong></span> 
     </span>
     <span class='ocr_line' id='line_1_3' title="bbox 100 619 1250 711; baseline -0.002 -21"><span class='ocrx_word' id='word_1_13' title='bbox 100 623 217 710; x_wconf 77' lang='grc' dir='ltr'><strong><em>στήμηυ</em></strong></span> <span class='ocrx_word' id='word_1_14' title='bbox 241 626 327 710; x_wconf 82' lang='grc' dir='ltr'><strong><em>ἔχοι,</em></strong></span> <span class='ocrx_word' id='word_1_15' title='bbox 350 621 507 711; x_wconf 80' lang='grc' dir='ltr'><strong><em>κρατήσει</em></strong></span> <span class='ocrx_word' id='word_1_16' title='bbox 531 621 665 702; x_wconf 81' lang='grc' dir='ltr'><strong><em>πάντως</em></strong></span> <span class='ocrx_word' id='word_1_17' title='bbox 688 619 707 692; x_wconf 83' lang='grc' dir='ltr'>ὅ</span> <span class='ocrx_word' id='word_1_18' title='bbox 729 647 764 691; x_wconf 87' lang='grc' dir='ltr'><strong><em>τε</em></strong></span> <span class='ocrx_word' id='word_1_19' title='bbox 788 619 950 708; x_wconf 88' lang='grc' dir='ltr'><strong><em>λογισμὸς</em></strong></span> <span class='ocrx_word' id='word_1_20' title='bbox 972 623 1034 690; x_wconf 84' lang='grc' dir='ltr'><strong><em>τοῦ</em></strong></span> <span class='ocrx_word' id='word_1_21' title='bbox 1056 623 1173 709; x_wconf 87' lang='grc' dir='ltr'><strong><em>θυμοῦ</em></strong></span> <span class='ocrx_word' id='word_1_22' title='bbox 1194 619 1250 690; x_wconf 87' lang='grc' dir='ltr'><strong><em>καλ</em></strong></span> 
     </span>
     <span class='ocr_line' id='line_1_4' title="bbox 101 724 1377 818; baseline -0.002 -20"><span class='ocrx_word' id='word_1_23' title='bbox 101 729 266 818; x_wconf 65' lang='grc' dir='ltr'><strong><em>ὑιμιόχος</em></strong></span> <span class='ocrx_word' id='word_1_24' title='bbox 288 733 350 800; x_wconf 87' lang='grc' dir='ltr'><strong><em>τοῦ</em></strong></span> <span class='ocrx_word' id='word_1_25' title='bbox 378 733 498 798; x_wconf 74' lang='lat' dir='ltr'><strong>innon·</strong></span> <span class='ocrx_word' id='word_1_26' title='bbox 526 729 617 798; x_wconf 79' lang='grc' dir='ltr'><strong><em>εἰδὲ</em></strong></span> <span class='ocrx_word' id='word_1_27' title='bbox 642 727 714 816; x_wconf 78' lang='grc' dir='ltr'><strong><em>ἤτοι</em></strong></span> <span class='ocrx_word' id='word_1_28' title='bbox 738 729 888 816; x_wconf 78' lang='grc' dir='ltr'><em>θατέρου</em></span> <span class='ocrx_word' id='word_1_29' title='bbox 915 727 1046 796; x_wconf 85' lang='grc' dir='ltr'><strong><em>τούτων</em></strong></span> <span class='ocrx_word' id='word_1_30' title='bbox 1074 724 1094 816; x_wconf 83' lang='grc' dir='ltr'><strong><em>ἦ</em></strong></span> <span class='ocrx_word' id='word_1_31' title='bbox 1122 724 1252 818; x_wconf 81' lang='grc' dir='ltr'><strong><em>ἇμφοτν</em></strong></span> <span class='ocrx_word' id='word_1_32' title='bbox 1370 751 1377 760; x_wconf 92' lang='grc'><em>·</em></span> 
     </span>
     <span class='ocr_line' id='line_1_5' title="bbox 102 837 1253 925; baseline -0.003 -19"><span class='ocrx_word' id='word_1_33' title='bbox 102 855 251 925; x_wconf 82' lang='grc' dir='ltr'><strong><em>στιροῖτο,</em></strong></span> <span class='ocrx_word' id='word_1_34' title='bbox 274 841 435 918; x_wconf 82' lang='grc' dir='ltr'><strong><em>κίνδυνος</em></strong></span> <span class='ocrx_word' id='word_1_35' title='bbox 456 839 605 907; x_wconf 79' lang='grc' dir='ltr'><strong><em>ἐνταῦθα</em></strong></span> <span class='ocrx_word' id='word_1_36' title='bbox 628 841 690 906; x_wconf 85' lang='grc' dir='ltr'><strong><em>τοῦ</em></strong></span> <span class='ocrx_word' id='word_1_37' title='bbox 708 837 809 924; x_wconf 87' lang='grc' dir='ltr'><strong><em>φύσει</em></strong></span> <span class='ocrx_word' id='word_1_38' title='bbox 829 843 1019 922; x_wconf 81' lang='grc' dir='ltr'><strong><em>κρείττονος</em></strong></span> <span class='ocrx_word' id='word_1_39' title='bbox 1037 837 1253 924; x_wconf 77' lang='grc' dir='ltr'><strong><em>ἐπικρατῆσαι</em></strong></span> 
     </span>
     <span class='ocr_line' id='line_1_6' title="bbox 102 943 1287 1034; baseline -0.003 -20"><span class='ocrx_word' id='word_1_40' title='bbox 102 945 132 1014; x_wconf 81' lang='grc' dir='ltr'><strong><em>τὸ</em></strong></span> <span class='ocrx_word' id='word_1_41' title='bbox 154 962 280 1034; x_wconf 74' lang='grc' dir='ltr'><strong><em>χεῖρον,</em></strong></span> <span class='ocrx_word' id='word_1_42' title='bbox 313 944 423 1032; x_wconf 76' lang='grc' dir='ltr'><strong><em>ὥσπερ</em></strong></span> <span class='ocrx_word' id='word_1_43' title='bbox 453 947 490 1015; x_wconf 85' lang='grc' dir='ltr'><strong>έν</strong></span> <span class='ocrx_word' id='word_1_44' title='bbox 513 945 671 1023; x_wconf 80' lang='grc' dir='ltr'><strong><em>Σκύθαις</em></strong></span> <span class='ocrx_word' id='word_1_45' title='bbox 697 971 731 1013; x_wconf 89' lang='grc' dir='ltr'><strong><em>τε</em></strong></span> <span class='ocrx_word' id='word_1_46' title='bbox 760 945 815 1012; x_wconf 84' lang='grc' dir='ltr'><strong>καὶ</strong></span> <span class='ocrx_word' id='word_1_47' title='bbox 839 943 1005 1024; x_wconf 78' lang='grc' dir='ltr'><strong><em>Γαλάταις</em></strong></span> <span class='ocrx_word' id='word_1_48' title='bbox 1032 943 1087 1012; x_wconf 81' lang='grc' dir='ltr'><strong>καὶ</strong></span> <span class='ocrx_word' id='word_1_49' title='bbox 1116 950 1287 1023; x_wconf 77' lang='grc' dir='ltr'><strong><em>πολλοτςι</em></strong></span> 
     </span>
     <span class='ocr_line' id='line_1_7' title="bbox 102 1051 1253 1148; baseline 0 -28"><span class='ocrx_word' id='word_1_50' title='bbox 102 1053 204 1136; x_wconf 72' lang='grc' dir='ltr'><strong><em>ἄλλοις</em></strong></span> <span class='ocrx_word' id='word_1_51' title='bbox 231 1053 419 1144; x_wconf 76' lang='grc' dir='ltr'><strong><em>βαρβάροις</em></strong></span> <span class='ocrx_word' id='word_1_52' title='bbox 446 1059 585 1122; x_wconf 78' lang='grc' dir='ltr'><strong><em>ἔθνεσιν</em></strong></span> <span class='ocrx_word' id='word_1_53' title='bbox 613 1051 631 1122; x_wconf 90' lang='grc' dir='ltr'><strong><em>δ</em></strong></span> <span class='ocrx_word' id='word_1_54' title='bbox 656 1051 767 1142; x_wconf 84' lang='grc' dir='ltr'><strong><em>θυμὸς</em></strong></span> <span class='ocrx_word' id='word_1_55' title='bbox 799 1057 959 1148; x_wconf 75' lang='grc' dir='ltr'><strong><em>κρείττων</em></strong></span> <span class='ocrx_word' id='word_1_56' title='bbox 987 1055 1049 1122; x_wconf 86' lang='grc' dir='ltr'><strong><em>τοῦ</em></strong></span> <span class='ocrx_word' id='word_1_57' title='bbox 1075 1054 1253 1140; x_wconf 77' lang='grc' dir='ltr'><strong><em>λογισμοῦ,</em></strong></span> 
     </span>
     <span class='ocr_line' id='line_1_8' title="bbox 102 1156 1253 1251; baseline 0.001 -23"><span class='ocrx_word' id='word_1_58' title='bbox 102 1160 180 1248; x_wconf 75' lang='lat' dir='ltr'><strong>ruod</strong></span> <span class='ocrx_word' id='word_1_59' title='bbox 206 1159 288 1251; x_wconf 82' lang='grc' dir='ltr'><strong><em>ἡμῖν</em></strong></span> <span class='ocrx_word' id='word_1_60' title='bbox 316 1162 352 1231; x_wconf 70' lang='grc' dir='ltr'><strong>δέ</strong></span> <span class='ocrx_word' id='word_1_61' title='bbox 378 1167 415 1230; x_wconf 84' lang='grc' dir='ltr'><strong><em>ι”υ</em></strong></span> <span class='ocrx_word' id='word_1_62' title='bbox 442 1189 476 1230; x_wconf 83' lang='grc' dir='ltr'><strong><em>τε</em></strong></span> <span class='ocrx_word' id='word_1_63' title='bbox 506 1161 600 1230; x_wconf 82' lang='grc' dir='ltr'><strong><em>παισὶ</em></strong></span> <span class='ocrx_word' id='word_1_64' title='bbox 629 1163 682 1230; x_wconf 73' lang='grc' dir='ltr'><strong>καὶ</strong></span> <span class='ocrx_word' id='word_1_65' title='bbox 712 1175 783 1240; x_wconf 87' lang='grc' dir='ltr'><strong><em>τοῖς</em></strong></span> <span class='ocrx_word' id='word_1_66' title='bbox 810 1157 1025 1241; x_wconf 74' lang='grc' dir='ltr'><strong><em>ἀπαιδεύτοις</em></strong></span> <span class='ocrx_word' id='word_1_67' title='bbox 1047 1156 1253 1246; x_wconf 74' lang='grc' dir='ltr'><strong><em>ἀνθρώποις.</em></strong></span> 
     </span>
     <span class='ocr_line' id='line_1_9' title="bbox 99 1265 1253 1358; baseline 0 -22"><span class='ocrx_word' id='word_1_68' title='bbox 99 1269 226 1357; x_wconf 77' lang='grc' dir='ltr'><strong><em>’Όμηρος</em></strong></span> <span class='ocrx_word' id='word_1_69' title='bbox 249 1271 286 1339; x_wconf 76' lang='grc' dir='ltr'><strong>δὲ</strong></span> <span class='ocrx_word' id='word_1_70' title='bbox 311 1267 354 1358; x_wconf 76' lang='grc' dir='ltr'><strong>δὴ</strong></span> <span class='ocrx_word' id='word_1_71' title='bbox 379 1273 478 1340; x_wconf 81' lang='grc' dir='ltr'><strong><em>τοῦτο</em></strong></span> <span class='ocrx_word' id='word_1_72' title='bbox 502 1267 584 1338; x_wconf 85' lang='grc' dir='ltr'><strong><em>αύτὸ</em></strong></span> <span class='ocrx_word' id='word_1_73' title='bbox 614 1270 772 1351; x_wconf 79' lang='grc' dir='ltr'><strong><em>ἐπιδεῖξαι</em></strong></span> <span class='ocrx_word' id='word_1_74' title='bbox 797 1267 1005 1356; x_wconf 82' lang='grc' dir='ltr'><strong><em>βουλόμενος</em></strong></span> <span class='ocrx_word' id='word_1_75' title='bbox 1018 1265 1163 1354; x_wconf 81' lang='grc' dir='ltr'><strong><em>Ἕκτορα</em></strong></span> <span class='ocrx_word' id='word_1_76' title='bbox 1189 1266 1253 1356; x_wconf 77' lang='grc' dir='ltr'><strong><em>μλν</em></strong></span> 
     </span>
     <span class='ocr_line' id='line_1_10' title="bbox 103 1373 1417 1468; baseline 0 -24"><span class='ocrx_word' id='word_1_77' title='bbox 103 1378 149 1444; x_wconf 80' lang='grc' dir='ltr'><strong>καὶ</strong></span> <span class='ocrx_word' id='word_1_78' title='bbox 170 1375 314 1466; x_wconf 85' lang='grc' dir='ltr'><strong><em>Ἀχιλλέα</em></strong></span> <span class='ocrx_word' id='word_1_79' title='bbox 338 1384 397 1447; x_wconf 87' lang='grc' dir='ltr'><strong>καί</strong></span> <span class='ocrx_word' id='word_1_80' title='bbox 416 1405 511 1459; x_wconf 88' lang='grc' dir='ltr'><strong><em>τινας</em></strong></span> <span class='ocrx_word' id='word_1_81' title='bbox 530 1377 663 1464; x_wconf 85' lang='grc' dir='ltr'><strong><em>ἑτέρους</em></strong></span> <span class='ocrx_word' id='word_1_82' title='bbox 685 1377 861 1458; x_wconf 76' lang='grc' dir='ltr'><strong><em>τοιούτους</em></strong></span> <span class='ocrx_word' id='word_1_83' title='bbox 879 1380 980 1468; x_wconf 76' lang='grc' dir='ltr'><strong><em>θυμῷ</em></strong></span> <span class='ocrx_word' id='word_1_84' title='bbox 1001 1377 1006 1466; x_wconf 77' lang='grc' dir='ltr'>Ι</span> <span class='ocrx_word' id='word_1_85' title='bbox 1027 1373 1321 1456; x_wconf 69' lang='grc' dir='ltr'><strong><em>δουλεύονταςορς</em></strong></span> <span class='ocrx_word' id='word_1_86' title='bbox 1413 1437 1417 1444; x_wconf 92' lang='grc'><em>.</em></span> 
     </span>
     <span class='ocr_line' id='line_1_11' title="bbox 106 1481 1295 1572; baseline 0.001 -21"><span class='ocrx_word' id='word_1_87' title='bbox 106 1481 284 1555; x_wconf 73' lang='grc' dir='ltr'><strong><em>ὑποτίθεται</em></strong></span> <span class='ocrx_word' id='word_1_88' title='bbox 323 1493 533 1567; x_wconf 80' lang='grc' dir='ltr'><strong><em>νεανίσκους·</em></strong></span> <span class='ocrx_word' id='word_1_89' title='bbox 561 1483 720 1554; x_wconf 86' lang='grc' dir='ltr'><strong><em>Ὀδυσσέα</em></strong></span> <span class='ocrx_word' id='word_1_90' title='bbox 757 1485 794 1553; x_wconf 78' lang='grc' dir='ltr'><strong>δὲ</strong></span> <span class='ocrx_word' id='word_1_91' title='bbox 827 1485 882 1553; x_wconf 81' lang='grc' dir='ltr'><strong>καὶ</strong></span> <span class='ocrx_word' id='word_1_92' title='bbox 914 1483 1166 1572; x_wconf 75' lang='grc' dir='ltr'><strong><em>Πολυδάμαντα</em></strong></span> <span class='ocrx_word' id='word_1_93' title='bbox 1197 1483 1253 1552; x_wconf 77' lang='grc' dir='ltr'><strong>καὶ</strong></span> <span class='ocrx_word' id='word_1_94' title='bbox 1267 1511 1295 1552; x_wconf 90' lang='grc' dir='ltr'><strong><em>ιο</em></strong></span> 
     </span>
     <span class='ocr_line' id='line_1_12' title="bbox 108 1589 1255 1686; baseline 0.002 -28"><span class='ocrx_word' id='word_1_95' title='bbox 108 1595 247 1681; x_wconf 67' lang='grc' dir='ltr'><strong><em>Νέστορα</em></strong></span> <span class='ocrx_word' id='word_1_96' title='bbox 273 1599 320 1684; x_wconf 81' lang='grc' dir='ltr'><strong><em>τῷ</em></strong></span> <span class='ocrx_word' id='word_1_97' title='bbox 349 1597 497 1686; x_wconf 79' lang='grc' dir='ltr'><strong><em>λογισμῷ</em></strong></span> <span class='ocrx_word' id='word_1_98' title='bbox 525 1597 732 1680; x_wconf 82' lang='grc' dir='ltr'><strong><em>κρατοῦντας</em></strong></span> <span class='ocrx_word' id='word_1_99' title='bbox 759 1596 821 1662; x_wconf 85' lang='grc' dir='ltr'><strong><em>τοῦ</em></strong></span> <span class='ocrx_word' id='word_1_100' title='bbox 844 1594 976 1680; x_wconf 84' lang='grc' dir='ltr'><strong><em>θυμοῦ,</em></strong></span> <span class='ocrx_word' id='word_1_101' title='bbox 1003 1589 1165 1672; x_wconf 80' lang='grc' dir='ltr'><strong><em>πολλάκις</em></strong></span> <span class='ocrx_word' id='word_1_102' title='bbox 1191 1593 1255 1681; x_wconf 67' lang='grc' dir='ltr'><strong>μὲν</strong></span> 
     </span>
     <span class='ocr_line' id='line_1_13' title="bbox 107 1697 1255 1790; baseline 0.002 -24"><span class='ocrx_word' id='word_1_103' title='bbox 107 1697 201 1782; x_wconf 74' lang='grc' dir='ltr'><strong><em>οἶτος</em></strong></span> <span class='ocrx_word' id='word_1_104' title='bbox 222 1705 380 1790; x_wconf 80' lang='grc' dir='ltr'><strong><em>ι’σχυρῶς.</em></strong></span> <span class='ocrx_word' id='word_1_105' title='bbox 403 1699 449 1784; x_wconf 78' lang='grc' dir='ltr'><strong><em>ὥς</em></strong></span> <span class='ocrx_word' id='word_1_106' title='bbox 471 1702 554 1790; x_wconf 71' lang='grc' dir='ltr'><strong><em>μηδὲ</em></strong></span> <span class='ocrx_word' id='word_1_107' title='bbox 575 1703 755 1788; x_wconf 77' lang='grc' dir='ltr'><strong><em>ἐξορμῆσαι</em></strong></span> <span class='ocrx_word' id='word_1_108' title='bbox 778 1702 862 1789; x_wconf 82' lang='grc' dir='ltr'><strong><em>πρὸς</em></strong></span> <span class='ocrx_word' id='word_1_109' title='bbox 884 1699 1012 1788; x_wconf 77' lang='grc' dir='ltr'><strong><em>ἄλογόν</em></strong></span> <span class='ocrx_word' id='word_1_110' title='bbox 1034 1727 1110 1768; x_wconf 89' lang='grc' dir='ltr'><strong><em>τινα</em></strong></span> <span class='ocrx_word' id='word_1_111' title='bbox 1132 1701 1255 1788; x_wconf 75' lang='grc' dir='ltr'><strong><em>πρᾶξιν</em></strong></span> 
     </span>
     <span class='ocr_line' id='line_1_14' title="bbox 107 1805 1256 1897; baseline 0.003 -25"><span class='ocrx_word' id='word_1_112' title='bbox 107 1807 158 1874; x_wconf 78' lang='grc' dir='ltr'><strong><em>τὸν</em></strong></span> <span class='ocrx_word' id='word_1_113' title='bbox 174 1810 297 1897; x_wconf 81' lang='grc' dir='ltr'><strong><em>θυμόν,</em></strong></span> <span class='ocrx_word' id='word_1_114' title='bbox 318 1817 410 1879; x_wconf 80' lang='grc' dir='ltr'><strong><em>ἔστιν</em></strong></span> <span class='ocrx_word' id='word_1_115' title='bbox 429 1809 483 1879; x_wconf 80' lang='grc' dir='ltr'><strong><em>ὅτε</em></strong></span> <span class='ocrx_word' id='word_1_116' title='bbox 503 1809 540 1878; x_wconf 75' lang='grc' dir='ltr'><strong>δὲ</strong></span> <span class='ocrx_word' id='word_1_117' title='bbox 560 1805 714 1896; x_wconf 80' lang='grc' dir='ltr'><strong><em>ὁρμῶντα</em></strong></span> <span class='ocrx_word' id='word_1_118' title='bbox 734 1809 807 1897; x_wconf 84' lang='grc' dir='ltr'><strong><em>μέν,</em></strong></span> <span class='ocrx_word' id='word_1_119' title='bbox 826 1805 910 1877; x_wconf 70' lang='lat' dir='ltr'><strong>dett</strong></span> <span class='ocrx_word' id='word_1_120' title='bbox 930 1805 994 1876; x_wconf 77' lang='grc' dir='ltr'><strong>ὑπὸ</strong></span> <span class='ocrx_word' id='word_1_121' title='bbox 1008 1811 1071 1876; x_wconf 85' lang='grc' dir='ltr'><strong><em>τοῦ</em></strong></span> <span class='ocrx_word' id='word_1_122' title='bbox 1089 1810 1256 1896; x_wconf 78' lang='grc' dir='ltr'><strong><em>λογισμοῦ</em></strong></span> 
     </span>
     <span class='ocr_line' id='line_1_15' title="bbox 106 1910 1379 2006; baseline 0.003 -25"><span class='ocrx_word' id='word_1_123' title='bbox 106 1917 327 2006; x_wconf 74' lang='grc' dir='ltr'><strong><em>κατεχόμενον,</em></strong></span> <span class='ocrx_word' id='word_1_124' title='bbox 350 1917 461 2006; x_wconf 78' lang='grc' dir='ltr'><strong><em>ὥσπερ</em></strong></span> <span class='ocrx_word' id='word_1_125' title='bbox 485 1914 549 1987; x_wconf 86' lang='grc' dir='ltr'><strong>κάν</strong></span> <span class='ocrx_word' id='word_1_126' title='bbox 570 1921 684 1986; x_wconf 76' lang='grc' dir='ltr'><strong><em>τοῖσδε</em></strong></span> <span class='ocrx_word' id='word_1_127' title='bbox 708 1931 779 1996; x_wconf 82' lang='grc' dir='ltr'><strong><em>τοῖς</em></strong></span> <span class='ocrx_word' id='word_1_128' title='bbox 802 1919 915 1984; x_wconf 81' lang='grc' dir='ltr'><strong><em>ἔπεσιν</em></strong></span> <span class='ocrx_word' id='word_1_129' title='bbox 936 1910 1096 1984; x_wconf 75' lang='grc' dir='ltr'><strong><em>Ὀδυσσέα</em></strong></span> <span class='ocrx_word' id='word_1_130' title='bbox 1118 1923 1255 2004; x_wconf 81' lang='grc' dir='ltr'><strong><em>τιειτολη-</em></strong></span> <span class='ocrx_word' id='word_1_131' title='bbox 1373 1969 1379 1978; x_wconf 89' lang='grc'><em>.</em></span> 
     </span>
     <span class='ocr_line' id='line_1_16' title="bbox 107 2011 1302 2113; baseline 0.003 -26"><span class='ocrx_word' id='word_1_132' title='bbox 107 2045 167 2090; x_wconf 70' lang='grc' dir='ltr'><strong><em>κεν·</em></strong></span> <span class='ocrx_word' id='word_1_133' title='bbox 190 2023 316 2094; x_wconf 75' lang='grc' dir='ltr'><strong><em>ἅπαντα</em></strong></span> <span class='ocrx_word' id='word_1_134' title='bbox 341 2025 377 2094; x_wconf 75' lang='grc' dir='ltr'><strong>δὲ</strong></span> <span class='ocrx_word' id='word_1_135' title='bbox 402 2027 520 2113; x_wconf 75' lang='grc' dir='ltr'><strong><em>ἐφεξῆς</em></strong></span> <span class='ocrx_word' id='word_1_136' title='bbox 543 2022 627 2094; x_wconf 62' lang='lat' dir='ltr'><strong>atet</strong></span> <span class='ocrx_word' id='word_1_137' title='bbox 651 2023 877 2113; x_wconf 75' lang='grc' dir='ltr'><strong><em>παραγράψω·</em></strong></span> <span class='ocrx_word' id='word_1_138' title='bbox 1270 2011 1302 2090; x_wconf 71' lang='grc' dir='ltr'><strong><em>τι</em></strong></span> 
     </span>
    </p>

    <p class='ocr_par' dir='ltr' id='par_1_3' title="bbox 146 2129 1116 2226">
     <span class='ocr_line' id='line_1_17' title="bbox 146 2129 1116 2226; baseline 0.002 -28"><span class='ocrx_word' id='word_1_139' title='bbox 146 2129 225 2200; x_wconf 81' lang='grc' dir='ltr'><strong><em>ἐνθ’</em></strong></span> <span class='ocrx_word' id='word_1_140' title='bbox 249 2130 405 2214; x_wconf 81' lang='grc' dir='ltr'><strong><em>Ὀδυσεὺς</em></strong></span> <span class='ocrx_word' id='word_1_141' title='bbox 427 2135 613 2222; x_wconf 81' lang='grc' dir='ltr'><strong><em>μνηστῆρσι</em></strong></span> <span class='ocrx_word' id='word_1_142' title='bbox 636 2131 722 2201; x_wconf 86' lang='grc' dir='ltr'><strong><em>κακά</em></strong></span> <span class='ocrx_word' id='word_1_143' title='bbox 745 2135 904 2221; x_wconf 76' lang='grc' dir='ltr'><strong><em>φρονέων</em></strong></span> <span class='ocrx_word' id='word_1_144' title='bbox 926 2133 977 2202; x_wconf 75' lang='grc' dir='ltr'><strong>ἐνὶ</strong></span> <span class='ocrx_word' id='word_1_145' title='bbox 1000 2136 1116 2226; x_wconf 74' lang='grc' dir='ltr'><strong><em>θυμῷ</em></strong></span> 
     </span>
    </p>

    <p class='ocr_par' dir='ltr' id='par_1_4' title="bbox 147 2237 1058 2330">
     <span class='ocr_line' id='line_1_18' title="bbox 147 2237 1058 2330; baseline 0.003 -24"><span class='ocrx_word' id='word_1_146' title='bbox 147 2237 235 2307; x_wconf 70' lang='grc' dir='ltr'><strong><em>’κεῖτ’</em></strong></span> <span class='ocrx_word' id='word_1_147' title='bbox 261 2239 495 2328; x_wconf 77' lang='grc' dir='ltr'><strong><em>ἐγρηγορόων·</em></strong></span> <span class='ocrx_word' id='word_1_148' title='bbox 519 2242 571 2310; x_wconf 79' lang='lat' dir='ltr'><strong>cul</strong></span> <span class='ocrx_word' id='word_1_149' title='bbox 597 2237 629 2310; x_wconf 86' lang='grc' dir='ltr'><strong>δ’</strong></span> <span class='ocrx_word' id='word_1_150' title='bbox 657 2243 692 2310; x_wconf 79' lang='grc' dir='ltr'><strong>ἐκ</strong></span> <span class='ocrx_word' id='word_1_151' title='bbox 715 2239 877 2330; x_wconf 86' lang='grc' dir='ltr'><strong><em>μεγάροιο</em></strong></span> <span class='ocrx_word' id='word_1_152' title='bbox 900 2255 1058 2328; x_wconf 79' lang='grc' dir='ltr'><strong><em>γυναῖκες</em></strong></span> 
     </span>
    </p>
   </div>
   <div class='ocr_carea' id='block_1_3' title="bbox 111 2359 1255 2546">
    <p class='ocr_par' dir='ltr' id='par_1_5' title="bbox 111 2359 1255 2546">
     <span class='ocr_line' id='line_1_19' title="bbox 112 2359 1254 2475; baseline 0.001 -17"><span class='ocrx_word' id='word_1_153' title='bbox 112 2359 337 2475; x_wconf 58' lang='lat' dir='ltr'><strong>Wro</strong></span> <span class='ocrx_word' id='word_1_154' title='bbox 356 2405 490 2467; x_wconf 71' lang='grc' dir='ltr'><strong><em>κίνδυνος</em></strong></span> <span class='ocrx_word' id='word_1_155' title='bbox 503 2405 533 2460; x_wconf 74' lang='lat' dir='ltr'>L</span> <span class='ocrx_word' id='word_1_156' title='bbox 555 2435 584 2444; x_wconf 99' lang='lat'>-</span> <span class='ocrx_word' id='word_1_157' title='bbox 606 2411 622 2458; x_wconf 78' lang='lat' dir='ltr'>b</span> <span class='ocrx_word' id='word_1_158' title='bbox 642 2396 736 2470; x_wconf 76' lang='grc' dir='ltr'><strong><em>ὥσπερ</em></strong></span> <span class='ocrx_word' id='word_1_159' title='bbox 755 2399 810 2472; x_wconf 82' lang='grc' dir='ltr'><strong>γάρ</strong></span> <span class='ocrx_word' id='word_1_160' title='bbox 829 2397 964 2468; x_wconf 77' lang='grc' dir='ltr'><strong><em>Σκύθαις</em></strong></span> <span class='ocrx_word' id='word_1_161' title='bbox 982 2403 1041 2459; x_wconf 72' lang='lat' dir='ltr'><strong>MA</strong></span> <span class='ocrx_word' id='word_1_162' title='bbox 1060 2395 1130 2458; x_wconf 76' lang='lat' dir='ltr'><strong>oiox.</strong></span> <span class='ocrx_word' id='word_1_163' title='bbox 1150 2397 1183 2458; x_wconf 81' lang='grc' dir='ltr'><strong>έν</strong></span> <span class='ocrx_word' id='word_1_164' title='bbox 1200 2406 1254 2459; x_wconf 84' lang='grc' dir='ltr'><strong><em>Σιι.</em></strong></span> 
     </span>
     <span class='ocr_line' id='line_1_20' title="bbox 111 2467 1255 2546; baseline 0.004 -21"><span class='ocrx_word' id='word_1_165' title='bbox 111 2467 150 2525; x_wconf 75' lang='lat' dir='ltr'><strong>1.ss</strong></span> <span class='ocrx_word' id='word_1_166' title='bbox 171 2474 214 2542; x_wconf 79' lang='lat' dir='ltr'><strong>(cl.</strong></span> <span class='ocrx_word' id='word_1_167' title='bbox 237 2475 322 2532; x_wconf 84' lang='lat' dir='ltr'><strong>Proll.</strong></span> <span class='ocrx_word' id='word_1_168' title='bbox 347 2493 374 2546; x_wconf 89' lang='lat' dir='ltr'><strong>p.</strong></span> <span class='ocrx_word' id='word_1_169' title='bbox 401 2482 454 2544; x_wconf 76' lang='lat'>41).</span> <span class='ocrx_word' id='word_1_170' title='bbox 481 2505 515 2516; x_wconf 92' lang='lat'><em>—</em></span> <span class='ocrx_word' id='word_1_171' title='bbox 544 2483 560 2530; x_wconf 80' lang='lat'><em>8</em></span> <span class='ocrx_word' id='word_1_172' title='bbox 585 2469 690 2546; x_wconf 77' lang='grc' dir='ltr'><strong><em>ὅμηρος</em></strong></span> <span class='ocrx_word' id='word_1_173' title='bbox 717 2472 753 2544; x_wconf 77' lang='grc' dir='ltr'><strong>δὴ</strong></span> <span class='ocrx_word' id='word_1_174' title='bbox 783 2475 812 2532; x_wconf 84' lang='lat' dir='ltr'><strong>L.</strong></span> <span class='ocrx_word' id='word_1_175' title='bbox 837 2505 874 2517; x_wconf 89' lang='lat'><em>-</em></span> <span class='ocrx_word' id='word_1_176' title='bbox 907 2482 941 2531; x_wconf 85' lang='lat'><strong>10</strong></span> <span class='ocrx_word' id='word_1_177' title='bbox 969 2470 1127 2539; x_wconf 83' lang='grc' dir='ltr'><strong><em>νεάνσκους</em></strong></span> <span class='ocrx_word' id='word_1_178' title='bbox 1153 2473 1191 2530; x_wconf 79' lang='grc' dir='ltr'><strong>Μ.</strong></span> <span class='ocrx_word' id='word_1_179' title='bbox 1218 2506 1255 2517; x_wconf 91' lang='grc'>-</span> 
     </span>
    </p>
   </div>
   <div class='ocr_carea' id='block_1_4' title="bbox 113 2541 1255 2676">
    <p class='ocr_par' dir='ltr' id='par_1_6' title="bbox 113 2541 1255 2676">
     <span class='ocr_line' id='line_1_21' title="bbox 113 2541 1255 2676; baseline 0.011 -84"><span class='ocrx_word' id='word_1_180' title='bbox 113 2549 136 2596; x_wconf 82' lang='lat' dir='ltr'><strong>ll</strong></span> <span class='ocrx_word' id='word_1_181' title='bbox 155 2541 235 2604; x_wconf 81' lang='grc' dir='ltr'><strong><em>ι’δνσέ</em></strong></span> <span class='ocrx_word' id='word_1_182' title='bbox 255 2547 291 2602; x_wconf 78' lang='grc' dir='ltr'><strong><em>λλ.</em></strong></span> <span class='ocrx_word' id='word_1_183' title='bbox 317 2579 349 2588; x_wconf 88' lang='grc'><strong>-</strong></span> <span class='ocrx_word' id='word_1_184' title='bbox 378 2555 411 2604; x_wconf 76' lang='lat' dir='ltr'><strong>lo</strong></span> <span class='ocrx_word' id='word_1_185' title='bbox 429 2563 507 2676; x_wconf 48' lang='lat' dir='ltr'><strong>seq?</strong></span> <span class='ocrx_word' id='word_1_186' title='bbox 527 2548 626 2619; x_wconf 75' lang='lat' dir='ltr'><strong>Odyss.</strong></span> <span class='ocrx_word' id='word_1_187' title='bbox 647 2547 710 2610; x_wconf 78' lang='lat' dir='ltr'><strong>XX.</strong></span> <span class='ocrx_word' id='word_1_188' title='bbox 731 2555 837 2603; x_wconf 69' lang='lat'>5-22.</span> <span class='ocrx_word' id='word_1_189' title='bbox 856 2541 995 2610; x_wconf 79' lang='grc' dir='ltr'><strong><em>δδνσσιύς</em></strong></span> <span class='ocrx_word' id='word_1_190' title='bbox 1013 2546 1042 2602; x_wconf 73' lang='lat' dir='ltr'>M</span> <span class='ocrx_word' id='word_1_191' title='bbox 1066 2541 1206 2610; x_wconf 80' lang='grc' dir='ltr'><strong><em>άδνσσεδς</em></strong></span> <span class='ocrx_word' id='word_1_192' title='bbox 1223 2544 1255 2605; x_wconf 80' lang='lat' dir='ltr'><strong>L.</strong></span> 
     </span>
    </p>
   </div>
   <div class='ocr_carea' id='block_1_5' title="bbox 112 2613 871 2690">
    <p class='ocr_par' dir='ltr' id='par_1_7' title="bbox 112 2613 871 2690">
     <span class='ocr_line' id='line_1_22' title="bbox 112 2613 871 2690; baseline 0.009 -20"><span class='ocrx_word' id='word_1_193' title='bbox 112 2645 136 2656; x_wconf 89' lang='lat'>-</span> <span class='ocrx_word' id='word_1_194' title='bbox 157 2623 185 2672; x_wconf 78' lang='lat' dir='ltr'><strong>ll</strong></span> <span class='ocrx_word' id='word_1_195' title='bbox 205 2613 383 2689; x_wconf 74' lang='grc' dir='ltr'><strong><em>δγρργοράιιν</em></strong></span> <span class='ocrx_word' id='word_1_196' title='bbox 401 2618 459 2676; x_wconf 73' lang='lat' dir='ltr'><strong>tlt</strong></span> <span class='ocrx_word' id='word_1_197' title='bbox 495 2619 657 2690; x_wconf 84' lang='grc' dir='ltr'><strong><em>γρηγορέων</em></strong></span> <span class='ocrx_word' id='word_1_198' title='bbox 676 2618 816 2676; x_wconf 75' lang='grc' dir='ltr'><strong><em>ΑΒΟῙιΚ</em></strong></span> <span class='ocrx_word' id='word_1_199' title='bbox 836 2649 871 2662; x_wconf 91' lang='lat'><strong>-·</strong></span> 
     </span>
    </p>
   </div>
   <div class='ocr_carea' id='block_1_6' title="bbox 113 2726 311 2742">
    <p class='ocr_par' dir='ltr' id='par_1_8' title="bbox 113 2726 311 2742">
     <span class='ocr_line' id='line_1_23' title="bbox 113 2726 311 2742; baseline 0.015 -3"><span class='ocrx_word' id='word_1_200' title='bbox 113 2726 311 2742; x_wconf 58' lang='lat' dir='ltr'><strong>‘&#39;U-*n</strong></span> 
     </span>
    </p>
   </div>
   <div class='ocr_carea' id='block_1_7' title="bbox 113 2782 1316 4492">
    <p class='ocr_par' dir='ltr' id='par_1_9' title="bbox 113 2782 1316 4278">
     <span class='ocr_line' id='line_1_24' title="bbox 113 2782 1316 2863; baseline 0.006 -18"><span class='ocrx_word' id='word_1_201' title='bbox 113 2785 257 2852; x_wconf 66' lang='lat' dir='ltr'><strong>rationem</strong></span> <span class='ocrx_word' id='word_1_202' title='bbox 285 2785 449 2852; x_wconf 84' lang='lat' dir='ltr'><strong>infirmum</strong></span> <span class='ocrx_word' id='word_1_203' title='bbox 477 2785 529 2852; x_wconf 84' lang='lat' dir='ltr'><strong>rel</strong></span> <span class='ocrx_word' id='word_1_204' title='bbox 556 2783 722 2852; x_wconf 80' lang='lat' dir='ltr'>indoctam</span> <span class='ocrx_word' id='word_1_205' title='bbox 753 2807 863 2853; x_wconf 86' lang='lat' dir='ltr'><strong>secum</strong></span> <span class='ocrx_word' id='word_1_206' title='bbox 897 2785 1019 2852; x_wconf 83' lang='lat' dir='ltr'><strong>trshat</strong></span> <span class='ocrx_word' id='word_1_207' title='bbox 1070 2782 1193 2863; x_wconf 78' lang='lat' dir='ltr'><strong>Quodsi</strong></span> <span class='ocrx_word' id='word_1_208' title='bbox 1222 2789 1257 2852; x_wconf 87' lang='lat' dir='ltr'><strong>et</strong></span> <span class='ocrx_word' id='word_1_209' title='bbox 1310 2793 1316 2800; x_wconf 84' lang='grc'><strong>“</strong></span> 
     </span>
     <span class='ocr_line' id='line_1_25' title="bbox 114 2893 1255 2982; baseline 0.004 -26"><span class='ocrx_word' id='word_1_210' title='bbox 114 2893 215 2960; x_wconf 81' lang='lat' dir='ltr'><strong>robore</strong></span> <span class='ocrx_word' id='word_1_211' title='bbox 238 2901 271 2960; x_wconf 90' lang='lat' dir='ltr'><strong>et</strong></span> <span class='ocrx_word' id='word_1_212' title='bbox 300 2894 437 2960; x_wconf 87' lang='lat' dir='ltr'><strong>scientia</strong></span> <span class='ocrx_word' id='word_1_213' title='bbox 465 2893 590 2978; x_wconf 80' lang='lat' dir='ltr'><strong>volent,</strong></span> <span class='ocrx_word' id='word_1_214' title='bbox 618 2894 727 2960; x_wconf 82' lang='lat' dir='ltr'><strong>vincet</strong></span> <span class='ocrx_word' id='word_1_215' title='bbox 750 2895 862 2982; x_wconf 89' lang='lat' dir='ltr'><strong>utique</strong></span> <span class='ocrx_word' id='word_1_216' title='bbox 887 2899 920 2958; x_wconf 89' lang='lat' dir='ltr'><strong>et</strong></span> <span class='ocrx_word' id='word_1_217' title='bbox 943 2893 1028 2960; x_wconf 83' lang='lat' dir='ltr'><strong>rotio</strong></span> <span class='ocrx_word' id='word_1_218' title='bbox 1051 2893 1255 2960; x_wconf 74' lang='lat' dir='ltr'><strong>iracundiam</strong></span> 
     </span>
     <span class='ocr_line' id='line_1_26' title="bbox 113 2999 1256 3088; baseline 0.005 -26"><span class='ocrx_word' id='word_1_219' title='bbox 113 3012 138 3062; x_wconf 87' lang='lat' dir='ltr'><strong>et</strong></span> <span class='ocrx_word' id='word_1_220' title='bbox 160 3023 271 3086; x_wconf 86' lang='lat' dir='ltr'><strong>equum</strong></span> <span class='ocrx_word' id='word_1_221' title='bbox 296 3023 409 3088; x_wconf 72' lang='lat' dir='ltr'><strong>eques,</strong></span> <span class='ocrx_word' id='word_1_222' title='bbox 438 3001 490 3068; x_wconf 85' lang='lat' dir='ltr'><strong>sin</strong></span> <span class='ocrx_word' id='word_1_223' title='bbox 518 2999 570 3066; x_wconf 83' lang='lat' dir='ltr'><strong>rel</strong></span> <span class='ocrx_word' id='word_1_224' title='bbox 599 2999 703 3068; x_wconf 81' lang='lat' dir='ltr'><strong>altero</strong></span> <span class='ocrx_word' id='word_1_225' title='bbox 731 3003 782 3068; x_wconf 85' lang='lat' dir='ltr'><strong>rel</strong></span> <span class='ocrx_word' id='word_1_226' title='bbox 811 3005 948 3088; x_wconf 87' lang='lat' dir='ltr'><strong>utroque</strong></span> <span class='ocrx_word' id='word_1_227' title='bbox 976 3006 1103 3088; x_wconf 79' lang='lat' dir='ltr'><strong>carent,</strong></span> <span class='ocrx_word' id='word_1_228' title='bbox 1130 3001 1256 3088; x_wconf 88' lang='lat' dir='ltr'><strong>pericu·</strong></span> 
     </span>
     <span class='ocr_line' id='line_1_27' title="bbox 113 3107 1255 3196; baseline 0.005 -26"><span class='ocrx_word' id='word_1_229' title='bbox 113 3107 169 3174; x_wconf 87' lang='lat' dir='ltr'><strong>lum</strong></span> <span class='ocrx_word' id='word_1_230' title='bbox 191 3115 247 3194; x_wconf 76' lang='lat' dir='ltr'><strong>est,</strong></span> <span class='ocrx_word' id='word_1_231' title='bbox 269 3133 319 3194; x_wconf 88' lang='lat' dir='ltr'><strong>ne,</strong></span> <span class='ocrx_word' id='word_1_232' title='bbox 343 3109 428 3196; x_wconf 91' lang='lat' dir='ltr'><strong>quod</strong></span> <span class='ocrx_word' id='word_1_233' title='bbox 451 3113 570 3176; x_wconf 83' lang='lat' dir='ltr'><strong>nsturo</strong></span> <span class='ocrx_word' id='word_1_234' title='bbox 589 3109 750 3175; x_wconf 88' lang='lat' dir='ltr'><strong>infirmius</strong></span> <span class='ocrx_word' id='word_1_235' title='bbox 774 3115 834 3194; x_wconf 88' lang='lat' dir='ltr'><strong>est,</strong></span> <span class='ocrx_word' id='word_1_236' title='bbox 856 3109 900 3194; x_wconf 91' lang='lat' dir='ltr'><strong>id,</strong></span> <span class='ocrx_word' id='word_1_237' title='bbox 923 3110 1009 3196; x_wconf 92' lang='lat' dir='ltr'><strong>quod</strong></span> <span class='ocrx_word' id='word_1_238' title='bbox 1033 3111 1255 3194; x_wconf 70' lang='lat' dir='ltr'><strong>praestantius</strong></span> 
     </span>
     <span class='ocr_line' id='line_1_28' title="bbox 113 3214 1256 3304; baseline 0.005 -26"><span class='ocrx_word' id='word_1_239' title='bbox 113 3223 163 3298; x_wconf 77' lang='lat' dir='ltr'><strong>cst,</strong></span> <span class='ocrx_word' id='word_1_240' title='bbox 182 3216 300 3304; x_wconf 75' lang='lat' dir='ltr'><strong>rincut3</strong></span> <span class='ocrx_word' id='word_1_241' title='bbox 324 3217 415 3284; x_wconf 84' lang='lat' dir='ltr'><strong>velut</strong></span> <span class='ocrx_word' id='word_1_242' title='bbox 433 3214 567 3302; x_wconf 79' lang='lat' dir='ltr'><strong>Scythis</strong></span> <span class='ocrx_word' id='word_1_243' title='bbox 591 3221 624 3282; x_wconf 90' lang='lat' dir='ltr'><strong>et</strong></span> <span class='ocrx_word' id='word_1_244' title='bbox 644 3215 747 3282; x_wconf 82' lang='lat' dir='ltr'><strong>Gallis</strong></span> <span class='ocrx_word' id='word_1_245' title='bbox 772 3217 949 3304; x_wconf 88' lang='lat' dir='ltr'><strong>multisque</strong></span> <span class='ocrx_word' id='word_1_246' title='bbox 969 3216 1044 3284; x_wconf 84' lang='lat' dir='ltr'><strong>aliis</strong></span> <span class='ocrx_word' id='word_1_247' title='bbox 1066 3217 1256 3286; x_wconf 81' lang='lat' dir='ltr'><strong>nationibus</strong></span> 
     </span>
     <span class='ocr_line' id='line_1_29' title="bbox 115 3323 1256 3411; baseline 0.005 -26"><span class='ocrx_word' id='word_1_248' title='bbox 115 3323 247 3391; x_wconf 76' lang='lat' dir='ltr'><strong>barbaris</strong></span> <span class='ocrx_word' id='word_1_249' title='bbox 265 3332 298 3391; x_wconf 85' lang='lat' dir='ltr'><strong>et</strong></span> <span class='ocrx_word' id='word_1_250' title='bbox 322 3325 408 3411; x_wconf 87' lang='lat' dir='ltr'><strong>opud</strong></span> <span class='ocrx_word' id='word_1_251' title='bbox 427 3347 488 3390; x_wconf 89' lang='lat' dir='ltr'><strong>nos</strong></span> <span class='ocrx_word' id='word_1_252' title='bbox 511 3325 561 3388; x_wconf 86' lang='lat' dir='ltr'><strong>rel</strong></span> <span class='ocrx_word' id='word_1_253' title='bbox 581 3324 691 3411; x_wconf 89' lang='lat' dir='ltr'><strong>pueris</strong></span> <span class='ocrx_word' id='word_1_254' title='bbox 712 3325 763 3390; x_wconf 83' lang='lat' dir='ltr'><strong>rel</strong></span> <span class='ocrx_word' id='word_1_255' title='bbox 787 3325 958 3390; x_wconf 75' lang='lat' dir='ltr'><strong>ineruditis</strong></span> <span class='ocrx_word' id='word_1_256' title='bbox 982 3323 1172 3392; x_wconf 89' lang='lat' dir='ltr'><strong>hominibus</strong></span> <span class='ocrx_word' id='word_1_257' title='bbox 1195 3347 1256 3391; x_wconf 87' lang='lat' dir='ltr'><strong>usu</strong></span> 
     </span>
     <span class='ocr_line' id='line_1_30' title="bbox 114 3431 1257 3520; baseline 0.007 -30"><span class='ocrx_word' id='word_1_258' title='bbox 114 3431 204 3516; x_wconf 74' lang='lat' dir='ltr'><strong>seuit,</strong></span> <span class='ocrx_word' id='word_1_259' title='bbox 225 3437 260 3500; x_wconf 92' lang='lat' dir='ltr'><strong>ut</strong></span> <span class='ocrx_word' id='word_1_260' title='bbox 282 3432 451 3500; x_wconf 84' lang='lat' dir='ltr'><strong>iracundia</strong></span> <span class='ocrx_word' id='word_1_261' title='bbox 479 3433 606 3499; x_wconf 85' lang='lat' dir='ltr'><strong>ratione</strong></span> <span class='ocrx_word' id='word_1_262' title='bbox 634 3434 708 3518; x_wconf 86' lang='lat' dir='ltr'><strong>plus</strong></span> <span class='ocrx_word' id='word_1_263' title='bbox 732 3433 849 3500; x_wconf 84' lang='lat' dir='ltr'><strong>rnleut.</strong></span> <span class='ocrx_word' id='word_1_264' title='bbox 894 3433 932 3500; x_wconf 90' lang='lat' dir='ltr'><strong>ld</strong></span> <span class='ocrx_word' id='word_1_265' title='bbox 959 3435 1069 3520; x_wconf 89' lang='lat' dir='ltr'><strong>ipsum</strong></span> <span class='ocrx_word' id='word_1_266' title='bbox 1093 3433 1257 3500; x_wconf 84' lang='lat' dir='ltr'><strong>Homerus</strong></span> 
     </span>
     <span class='ocr_line' id='line_1_31' title="bbox 115 3539 1257 3627; baseline 0.007 -27"><span class='ocrx_word' id='word_1_267' title='bbox 115 3559 179 3606; x_wconf 88' lang='lat' dir='ltr'><strong>eum</strong></span> <span class='ocrx_word' id='word_1_268' title='bbox 195 3542 289 3608; x_wconf 86' lang='lat' dir='ltr'><strong>rellet</strong></span> <span class='ocrx_word' id='word_1_269' title='bbox 309 3540 490 3624; x_wconf 81' lang='lat' dir='ltr'><strong>ostendere,</strong></span> <span class='ocrx_word' id='word_1_270' title='bbox 512 3539 689 3608; x_wconf 87' lang='lat' dir='ltr'><strong>Hectorem</strong></span> <span class='ocrx_word' id='word_1_271' title='bbox 709 3547 742 3606; x_wconf 90' lang='lat' dir='ltr'><strong>et</strong></span> <span class='ocrx_word' id='word_1_272' title='bbox 761 3541 925 3608; x_wconf 81' lang='lat' dir='ltr'><strong>Achillem</strong></span> <span class='ocrx_word' id='word_1_273' title='bbox 945 3547 977 3608; x_wconf 93' lang='lat' dir='ltr'><strong>et</strong></span> <span class='ocrx_word' id='word_1_274' title='bbox 995 3541 1153 3627; x_wconf 81' lang='lat' dir='ltr'><strong>quosdam</strong></span> <span class='ocrx_word' id='word_1_275' title='bbox 1173 3541 1257 3608; x_wconf 79' lang='lat' dir='ltr'><strong>ulios</strong></span> 
     </span>
     <span class='ocr_line' id='line_1_32' title="bbox 116 3646 1256 3732; baseline 0.007 -25"><span class='ocrx_word' id='word_1_276' title='bbox 116 3646 285 3715; x_wconf 69' lang='lat' dir='ltr'><strong>istiusmodi</strong></span> <span class='ocrx_word' id='word_1_277' title='bbox 311 3649 443 3715; x_wconf 77' lang='lat' dir='ltr'><strong>iuvenes</strong></span> <span class='ocrx_word' id='word_1_278' title='bbox 472 3649 660 3714; x_wconf 79' lang='lat' dir='ltr'><strong>irnctmdine</strong></span> <span class='ocrx_word' id='word_1_279' title='bbox 685 3649 932 3715; x_wconf 80' lang='lat' dir='ltr'><strong>succumbentes</strong></span> <span class='ocrx_word' id='word_1_280' title='bbox 956 3647 1098 3732; x_wconf 83' lang='lat' dir='ltr'><strong>induxit,</strong></span> <span class='ocrx_word' id='word_1_281' title='bbox 1125 3647 1256 3716; x_wconf 82' lang='lat' dir='ltr'><strong>Ulixem</strong></span> 
     </span>
     <span class='ocr_line' id='line_1_33' title="bbox 116 3755 1257 3843; baseline 0.003 -24"><span class='ocrx_word' id='word_1_282' title='bbox 116 3775 181 3822; x_wconf 75' lang='lat' dir='ltr'><strong>vero</strong></span> <span class='ocrx_word' id='word_1_283' title='bbox 202 3765 232 3824; x_wconf 90' lang='lat' dir='ltr'><strong>et</strong></span> <span class='ocrx_word' id='word_1_284' title='bbox 251 3757 524 3843; x_wconf 68' lang='lat' dir='ltr'><strong>Polydamantem</strong></span> <span class='ocrx_word' id='word_1_285' title='bbox 548 3761 581 3820; x_wconf 89' lang='lat' dir='ltr'><strong>et</strong></span> <span class='ocrx_word' id='word_1_286' title='bbox 598 3756 773 3823; x_wconf 78' lang='lat' dir='ltr'><strong>Nestorem</strong></span> <span class='ocrx_word' id='word_1_287' title='bbox 798 3758 926 3824; x_wconf 77' lang='lat' dir='ltr'><strong>ratione</strong></span> <span class='ocrx_word' id='word_1_288' title='bbox 945 3756 1037 3824; x_wconf 85' lang='lat' dir='ltr'><strong>illam</strong></span> <span class='ocrx_word' id='word_1_289' title='bbox 1056 3755 1257 3842; x_wconf 87' lang='lat' dir='ltr'><strong>cohibentes,</strong></span> 
     </span>
     <span class='ocr_line' id='line_1_34' title="bbox 117 3861 1256 3953; baseline 0.005 -29"><span class='ocrx_word' id='word_1_290' title='bbox 117 3861 288 3953; x_wconf 69' lang='lat' dir='ltr'><strong>plerumque</strong></span> <span class='ocrx_word' id='word_1_291' title='bbox 313 3867 395 3932; x_wconf 83' lang='lat' dir='ltr'><strong>odeo</strong></span> <span class='ocrx_word' id='word_1_292' title='bbox 418 3863 576 3952; x_wconf 77' lang='lat' dir='ltr'><strong>graviter,</strong></span> <span class='ocrx_word' id='word_1_293' title='bbox 604 3871 641 3930; x_wconf 88' lang='lat' dir='ltr'><strong>ut</strong></span> <span class='ocrx_word' id='word_1_294' title='bbox 667 3889 707 3931; x_wconf 89' lang='lat' dir='ltr'><strong>ne</strong></span> <span class='ocrx_word' id='word_1_295' title='bbox 733 3867 929 3932; x_wconf 78' lang='lat' dir='ltr'><strong>excitaretur</strong></span> <span class='ocrx_word' id='word_1_296' title='bbox 953 3863 1084 3951; x_wconf 86' lang='lat' dir='ltr'><strong>quidem</strong></span> <span class='ocrx_word' id='word_1_297' title='bbox 1108 3865 1149 3931; x_wconf 83' lang='lat' dir='ltr'><strong>sd</strong></span> <span class='ocrx_word' id='word_1_298' title='bbox 1172 3864 1256 3932; x_wconf 85' lang='lat' dir='ltr'><strong>insu·</strong></span> 
     </span>
     <span class='ocr_line' id='line_1_35' title="bbox 117 3972 1257 4062; baseline 0.004 -27"><span class='ocrx_word' id='word_1_299' title='bbox 117 3991 182 4038; x_wconf 88' lang='lat' dir='ltr'><strong>num</strong></span> <span class='ocrx_word' id='word_1_300' title='bbox 204 3975 323 4062; x_wconf 82' lang='lat' dir='ltr'><strong>aliquid</strong></span> <span class='ocrx_word' id='word_1_301' title='bbox 347 3972 524 4060; x_wconf 77' lang='lat' dir='ltr'><strong>agendum,</strong></span> <span class='ocrx_word' id='word_1_302' title='bbox 551 3973 714 4040; x_wconf 87' lang='lat' dir='ltr'><strong>interdum</strong></span> <span class='ocrx_word' id='word_1_303' title='bbox 743 3975 805 4058; x_wconf 82' lang='lat' dir='ltr'><strong>ita,</strong></span> <span class='ocrx_word' id='word_1_304' title='bbox 832 3977 869 4038; x_wconf 92' lang='lat' dir='ltr'><strong>ut</strong></span> <span class='ocrx_word' id='word_1_305' title='bbox 893 3972 1090 4038; x_wconf 84' lang='lat' dir='ltr'><strong>excitaretur</strong></span> <span class='ocrx_word' id='word_1_306' title='bbox 1116 3973 1257 4059; x_wconf 89' lang='lat' dir='ltr'><strong>quidem,</strong></span> 
     </span>
     <span class='ocr_line' id='line_1_36' title="bbox 117 4079 1256 4166; baseline 0.003 -22"><span class='ocrx_word' id='word_1_307' title='bbox 117 4079 163 4144; x_wconf 62' lang='lat' dir='ltr'><strong>«el</strong></span> <span class='ocrx_word' id='word_1_308' title='bbox 189 4105 207 4146; x_wconf 89' lang='lat' dir='ltr'><strong>o</strong></span> <span class='ocrx_word' id='word_1_309' title='bbox 236 4085 362 4150; x_wconf 80' lang='lat' dir='ltr'><strong>ratione</strong></span> <span class='ocrx_word' id='word_1_310' title='bbox 391 4087 667 4166; x_wconf 72' lang='lat' dir='ltr'><strong>compesceretur,</strong></span> <span class='ocrx_word' id='word_1_311' title='bbox 701 4083 790 4146; x_wconf 87' lang='lat' dir='ltr'><strong>velut</strong></span> <span class='ocrx_word' id='word_1_312' title='bbox 824 4081 914 4148; x_wconf 86' lang='lat' dir='ltr'><strong>hisee</strong></span> <span class='ocrx_word' id='word_1_313' title='bbox 947 4081 1097 4146; x_wconf 76' lang='lat' dir='ltr'><strong>uersibus</strong></span> <span class='ocrx_word' id='word_1_314' title='bbox 1127 4079 1256 4148; x_wconf 81' lang='lat' dir='ltr'><strong>L&#39;lixem</strong></span> 
     </span>
     <span class='ocr_line' id='line_1_37' title="bbox 118 4187 839 4278; baseline 0 -24"><span class='ocrx_word' id='word_1_315' title='bbox 118 4194 201 4266; x_wconf 68' lang='lat' dir='ltr'><strong>loeta</strong></span> <span class='ocrx_word' id='word_1_316' title='bbox 223 4193 315 4258; x_wconf 86' lang='lat' dir='ltr'><strong>linxit</strong></span> <span class='ocrx_word' id='word_1_317' title='bbox 337 4199 465 4276; x_wconf 24' lang='lat' dir='ltr'><strong>(lomnes</strong></span> <span class='ocrx_word' id='word_1_318' title='bbox 489 4189 602 4256; x_wconf 88' lang='lat' dir='ltr'><strong>ordine</strong></span> <span class='ocrx_word' id='word_1_319' title='bbox 626 4187 839 4278; x_wconf 69' lang='lat' dir='ltr'><strong>adscribnml:</strong></span> 
     </span>
    </p>

    <p class='ocr_par' dir='ltr' id='par_1_10' title="bbox 155 4295 1045 4386">
     <span class='ocr_line' id='line_1_38' title="bbox 155 4295 1045 4386; baseline 0.001 -25"><span class='ocrx_word' id='word_1_320' title='bbox 155 4295 270 4384; x_wconf 73' lang='lat' dir='ltr'><strong>‘Atque</strong></span> <span class='ocrx_word' id='word_1_321' title='bbox 293 4299 340 4366; x_wconf 90' lang='lat' dir='ltr'><strong>ibi</strong></span> <span class='ocrx_word' id='word_1_322' title='bbox 365 4298 526 4366; x_wconf 86' lang='lat' dir='ltr'><strong>sollicitus</strong></span> <span class='ocrx_word' id='word_1_323' title='bbox 550 4299 757 4386; x_wconf 73' lang='lat' dir='ltr'><strong>vigilansque</strong></span> <span class='ocrx_word' id='word_1_324' title='bbox 779 4297 909 4364; x_wconf 80' lang='lat' dir='ltr'><strong>iacebat</strong></span> <span class='ocrx_word' id='word_1_325' title='bbox 933 4296 1045 4364; x_wconf 84' lang='lat' dir='ltr'><strong>Ulixes</strong></span> 
     </span>
    </p>

    <p class='ocr_par' dir='ltr' id='par_1_11' title="bbox 155 4407 1142 4492">
     <span class='ocr_line' id='line_1_39' title="bbox 155 4407 1142 4492; baseline 0.001 -23"><span class='ocrx_word' id='word_1_326' title='bbox 155 4429 256 4474; x_wconf 78' lang='lat' dir='ltr'><strong>secum</strong></span> <span class='ocrx_word' id='word_1_327' title='bbox 279 4409 389 4476; x_wconf 82' lang='lat' dir='ltr'><strong>animo</strong></span> <span class='ocrx_word' id='word_1_328' title='bbox 413 4408 547 4474; x_wconf 79' lang='lat' dir='ltr'><strong>rolucus</strong></span> <span class='ocrx_word' id='word_1_329' title='bbox 570 4429 714 4492; x_wconf 85' lang='lat' dir='ltr'><strong>pugnum</strong></span> <span class='ocrx_word' id='word_1_330' title='bbox 739 4407 934 4492; x_wconf 76' lang='lat' dir='ltr'><strong>caedemque</strong></span> <span class='ocrx_word' id='word_1_331' title='bbox 957 4425 1142 4490; x_wconf 86' lang='lat' dir='ltr'><strong>procorum,</strong></span> 
     </span>
    </p>
   </div>
   <div class='ocr_carea' id='block_1_8' title="bbox 0 0 1515 5024">
    <p class='ocr_par' dir='ltr' id='par_1_12' title="bbox 0 0 1515 5024">
     <span class='ocr_line' id='line_1_40' title="bbox 0 0 1515 5024; baseline 0 0"><span class='ocrx_word' id='word_1_332' title='bbox 0 0 1515 5024; x_wconf 95' lang='lat' dir='ltr'><strong> </strong></span> 
     </span>
    </p>
   </div>
  </div>
 </body>
</html>
