2966 5012
96 522 213 610 dpe'nne
237 519 437 610 πολύφρονά
461 549 522 610 περ
546 526 739 610 χαλιτιῆυαι.
786 521 862 589 καλ·
883 520 977 590 “orvs
1001 521 1088 591 πολὺ
1112 527 1260 610 γλυκίων

97 633 227 718 με’λιτος
253 631 547 718 καταλειβομένοιο
576 657 604 698 κ.
628 658 655 698 τ.
678 637 721 702 λα
754 656 831 698 uam
865 635 946 699 illud
974 639 1033 698 καί
1057 639 1133 700 aute
1160 630 1260 718 χόλος

96 739 281 826 ponendum
304 745 388 824 erat,
413 740 687 826 quemadmodum
712 741 745 806 in
771 741 861 807 codd.
886 745 918 806 et
942 742 1011 806 edd.
1033 741 1090 807 AB
1114 743 1259 828 positum

9 839 10 844 ¹
98 857 154 912 est.
201 846 393 912 Charterius
417 847 515 932 plane
539 847 710 931 omiserat,
739 847 909 914 Kuelruius
935 871 1001 914 uon
1024 873 1084 916 suo
1113 849 1185 915 loco
1209 871 1259 915 re-

99 955 215 1021 stituit.
261 955 296 1020 Ι).
320 953 386 1020 305
411 953 458 1020 K:
488 955 519 1019 εἰ
545 951 590 1040 μῆ
620 956 736 1038 σαφῶς
764 953 801 1018 εἰι
829 953 961 1032 τούτοις
979 952 1124 1042 Ὄμηρος
1151 955 1259 1040 ἐκδιη-

8 1133 9 1150 ,
99 1076 201 1147 γεῑτιιι
227 1059 338 1147 μάχην
366 1061 482 1146 θυμοῦ
504 1059 588 1146 πρὸς
610 1059 775 1147 λογισμόν
797 1100 857 1137 -,
885 1057 960 1128 οὐθ’
986 1057 1059 1128 ἄλλ’
1086 1059 1189 1128 odota
1216 1059 1260 1128 ἄν

100 1195 148 1248 τις
171 1164 252 1253 ῆμῖιι
276 1167 524 1254 συγχωρήσειεν
547 1167 818 1255 ἐκμανθάνειν
843 1171 904 1235 τοῦ
927 1171 1078 1254 ποιητοῦ.
1120 1169 1186 1236 Cur
1209 1169 1259 1236 la·

7 1272 8 1296 t
99 1273 289 1361 μανθάνειν
304 1275 449 1342 Galenus
468 1277 608 1342 dixerit?
627 1275 787 1342 MABCh
804 1278 1013 1362 suppeditant
1028 1275 1258 1362 συγχωρήσει

7 1461 8 1468 χ
100 1381 351 1470 ἐκμανθάνειν,
374 1383 470 1448 Laur.
491 1382 742 1468 συγχωρήσειε
766 1381 985 1468 μανθάνειν,
1009 1385 1095 1470 quod
1116 1385 1259 1450 restitui·

100 1515 169 1557 mus
199 1492 290 1557 illam
316 1491 491 1557 lectionem
520 1515 557 1556 er
587 1516 689 1577 prara
714 1515 831 1558 vocum
861 1494 1068 1578 separatione
1096 1493 1259 1578 proficisci

101 1600 291 1666 iudicantes.
310 1637 354 1646 —
374 1598 408 1663 P.
432 1599 497 1663 329
521 1600 564 1664 iu.
591 1599 633 1665 K:
662 1593 704 1664 ori
727 1597 791 1684 γάρ
815 1596 931 1684 ι’λρχειν
954 1595 1037 1665 αὐτὸ
1061 1597 1114 1664 καλ
1141 1597 1257 1666 oread-

101 1720 164 1786 ζειν
188 1707 258 1772 τῶν
276 1703 389 1772 ἄλλων
408 1699 428 1790 ῆ
448 1704 550 1790 φύσις
573 1711 719 1792 ἔνειμεν.
744 1703 826 1772 ὅταν
845 1731 879 1791 γε
899 1704 1136 1792 προσηκόντως
1159 1710 1259 1774 drot·

99 1811 213 1899 κήσαι
243 1809 283 1880 τά
312 1810 394 1878 κατὰ
422 1810 484 1879 τὸν
511 1809 714 1896 άυθρωιτον.
741 1809 814 1879 ἀλλ’
841 1811 1012 1906 ἐγκεφάλῳ
1040 1811 1103 1900 μὲν
1132 1809 1259 1899 ἄρχειν,

101 1917 283 1988 ὑπακούειν
306 1919 341 1986 dt
370 1923 410 2007 τῆ
434 1923 565 2009 καρὸίςι.
611 1921 657 1988 Ar
685 1923 771 1986 euim
800 1919 882 1989 ὅταν
910 1947 983 1988 cunr
1007 1923 1164 2008 Optatiro
1192 1944 1258 1989 nou

99 2033 235 2096 struitur
260 2029 346 2115 apud
370 2028 540 2094 Galeuum.
577 2029 738 2095 MABCb
762 2031 921 2115 praebent
945 2025 1026 2096 ὅταν
1049 2053 1085 2114 γε
1108 2065 1153 2076 -
1176 2029 1259 2096 ὁιοι-

99 2140 212 2223 κῆσαι,
241 2137 297 2223 qui
320 2137 507 2202 Infinitirus
535 2136 680 2202 indicare
710 2137 791 2202 mibi
820 2139 948 2202 ridetur
973 2137 1124 2222 verbum,
1153 2159 1258 2224 equo

100 2246 252 2330 pendeat,
271 2245 445 2328 excidisse,
469 2243 569 2330 quod,
589 2245 617 2309 si
636 2247 818 2308 sententiae
837 2247 999 2311 rationem
1014 2251 1155 2330 spectes,
1173 2243 1258 2312 nibil

100 2355 188 2420 aliud
211 2354 277 2420 uisi
301 2351 403 2439 με’λλη
428 2353 500 2418 erit.
546 2352 766 2429 Quamobrem
795 2351 955 2417 edidimus
983 2347 1066 2418 ὅταν
1093 2375 1129 2436 γε
1157 2371 1259 2438 προσ·

101 2458 249 2546 ηκόντως
279 2459 399 2546 με’λλη
434 2461 654 2544 ὸιοικῆσαι.
688 2460 802 2546 ‘neque
834 2462 920 2526 euim
952 2461 985 2526 id
1016 2465 1135 2526 natura
1167 2461 1257 2527 cordi

99 2571 229 2654 tribuit,
259 2575 295 2634 ut
323 2569 509 2634 dominetur
537 2569 675 2652 aliisque
706 2571 855 2651 partibus
886 2569 1038 2652 imperet,
1069 2569 1095 2632 si
1127 2569 1257 2654 quidem
1316 2621 1319 2628 ,

99 2701 149 2741 res
171 2677 344 2743 hominum
369 2677 599 2742 convenienter
621 2677 882 2740 odau'aisbuturo
906 2683 957 2740 cst.
991 2677 1024 2741 l'.
1044 2677 1109 2741 353
1130 2681 1209 2742 extr.
1226 2676 1258 2742 K

99 2809 155 2850 cur
177 2785 366 2851 Articulum
389 2783 451 2849 τοῦ
475 2789 549 2848 oute
570 2779 655 2859 Διός
674 2784 819 2868 eiecerit,
844 2785 992 2869 erprideru
1014 2783 1139 2849 nullam
1162 2784 1257 2851 rideo

99 2917 240 2959 eausam.
291 2889 452 2957 MABCh
483 2889 518 2956 ἐκ
548 2892 605 2975 τῆς
637 2891 707 2955 τοῦ
738 2887 823 2967 Διὸς
854 2892 1001 2975 κεφιιλῆς
1032 2893 1257 2978 γεγεννῆσθαι

98 2997 160 3086 τῆν
184 2996 335 3086 Ἀθηνάν
362 2999 559 3085 rectissime,
592 3001 631 3064 cf.
659 3023 690 3086 p.
714 3001 779 3064 348
804 3005 883 3065 extr.
911 2993 975 3066 άπο
1003 2999 1062 3085 τῆς
1087 3000 1149 3066 τοῦ
1173 2995 1259 3078 Διὸς

98 3109 259 3195 κεφαλῆς,
288 3113 322 3174 et
348 3109 384 3174 in
410 3107 483 3175 loco
508 3105 688 3192 Chrysippi
711 3130 742 3192 p.
766 3107 832 3173 349
860 3105 895 3173 ἐκ
917 3108 976 3192 τῆς
998 3109 1145 3192 κεφαλῆς
1167 3107 1258 3192 γενέ-

98 3225 181 3283 σθαι
207 3217 271 3283 τοῦ
300 3212 386 3294 Διός
413 3219 446 3281 et
474 3213 510 3281 ἐκ
538 3216 597 3298 τῆς
623 3215 685 3280 τοῦ
714 3209 799 3291 Διὸς
826 3215 981 3300 κεφαλῆς.
1026 3214 1062 3282 Ρ.
1087 3215 1153 3281 400
1180 3219 1258 3302 post

99 3325 181 3390 med.
203 3323 375 3392 Posidonii
399 3320 503 3388 Stoici
530 3321 638 3388 locum
663 3323 694 3387 K
723 3323 769 3388 sic
798 3323 937 3389 effinxit:
967 3318 1188 3406 λωφήσαντος
1220 3321 1258 3389 δὲ

99 3435 159 3498 τοῦ
182 3430 332 3512 πάθους,
359 3433 476 3517 καίπερ
503 3431 562 3513 τῆς
589 3432 657 3496 τῶν
681 3427 941 3516 συμβεβηκότων
971 3426 1167 3516 ὑπολήψεως
1189 3425 1257 3517 ἅμα

98 3539 162 3605 καὶ
196 3540 264 3625 τῆς
295 3541 364 3605 τῶν
394 3539 565 3626 λογισμιέν
596 3533 810 3616 άσθενειάς
842 3535 1068 3624 διαμενούσης
1102 3533 1259 3624 οὐθαμῶς

101 3643 276 3734 ῆσυχάζειν
299 3647 493 3732 ἐδοκίμαζεν
516 3645 574 3734 (sc.
598 3642 616 3712 ὁ
638 3642 877 3737 Ἀγαμέμνων).
912 3644 1086 3713 ΜΑΒΟλιι
1109 3641 1177 3732 άμα
1200 3649 1259 3732 τῆς

97 3795 141 3803 -
165 3751 359 3833 ἀσθενείας,
387 3755 470 3820 unde
499 3755 736 3820 restituendum
765 3761 836 3820 erat
862 3751 930 3840 ἅμα
957 3756 998 3843 τῆ
1024 3792 1070 3803 -
1097 3749 1258 3844 ἀσθενείᾳ

98 3863 153 3952 (cf.
177 3887 276 3950 supra
300 3887 332 3950 p.
356 3861 427 3951 31),
449 3885 516 3929 non
539 3866 598 3928 καί
618 3863 834 3930 insereudmn.
869 3863 904 3930 P.
927 3865 993 3929 416
1018 3867 1093 3929 oute
1117 3863 1200 3929 med.
1223 3863 1258 3930 irr

99 3971 259 4039 nuncu
283 3971 443 4056 scriptum
467 3976 519 4037 est
540 3966 558 4037 ὁ
582 3971 668 4056 γοῦν
691 3967 771 4057 ὅρος
794 3960 907 4054 οὗτος,
935 3975 1042 4056 φησίν
1064 3969 1122 4060 (se.
1146 3965 1164 4037 ό
1188 3975 1256 4038 Ho-

99 4077 302 4168 σειδώνιος),
329 4073 347 4145 ό
372 4079 431 4163 τῆς
459 4073 566 4164 άτης,
599 4074 710 4164 ὥσπερ
742 4069 806 4144 οὖν
835 4077 890 4144 καὶ
915 4074 1010 4145 ἄλλοι
1039 4079 1156 4146 πολλοὶ
1189 4082 1258 4146 τῶν

98 4190 221 4254 παθῶν
242 4224 288 4235 -
312 4185 517 4272 ε’ξελε’γχουσι
542 4184 605 4273 τῆν
627 4184 765 4274 γνώμην
790 4180 905 4253 αὑτοῦ.
951 4185 982 4252 Κ
1005 4209 1065 4274 pro
1088 4183 1169 4274 ἄτης
1191 4189 1257 4256 exi-

98 4297 249 4362 stimavit
265 4295 452 4380 ponendum
471 4319 541 4361 esse
561 4291 672 4381 ἄσης,
695 4318 760 4382 quo
778 4319 858 4362 voce
876 4295 959 4361 nibil
979 4295 1118 4362 alienius
1138 4297 1257 4365 abhoc

97 4403 172 4471 loco
190 4405 251 4470 est.
279 4401 312 4470 N
315 4425 381 4491 om,
405 4409 442 4470 ut
459 4403 583 4470 Bakius
603 4403 656 4495 (de
675 4403 829 4473 Posiden.
846 4403 952 4472 Rhod.
966 4403 1049 4472 ltell.
1062 4429 1094 4493 p.
1108 4406 1184 4496 202,
1198 4405 1256 4501 59)
