3024 5022
704 377 747 388 -
786 340 860 406 406
907 376 949 386 -

248 504 301 574 ἐπὶ
323 507 364 592 τῇ
388 504 524 592 τελευτῇ
547 504 610 570 τοῦ
633 501 834 590 γράμματος.
880 499 917 566 ἐν
945 496 1009 586 μέν
1032 497 1097 585 γὰρ
1124 511 1195 579 τοῖς
1217 502 1404 587 ἔμπροσθεν

248 607 350 692 αὐτὸς
377 611 430 678 ἐπί
459 611 606 697 ἐμαυτοῦ
639 613 800 696 utilior.
834 605 896 676 ὅσα
929 632 963 675 τε
995 605 1133 694 μάχεται
1161 610 1230 674 τῶν
1262 607 1405 692 ἐναργοῦς

248 713 467 807 φαινομένων
498 720 544 810 τῷ
578 722 779 806 Χρυσίππου
813 715 953 802 οόγματι
987 713 1041 782 καὶ
1076 711 1139 782 ὅσα
1170 721 1256 802 πρὸς
1289 713 1404 782 ἐαυτὸν

249 825 592 914 ἐναντιολογοόμενος
615 834 747 912 είριμιεν
776 820 838 892 οῦκ
865 819 1049 910 ἀναμείνας
1071 821 1132 890 τὸν
1162 825 1292 903 ἔξωθεν
1314 819 1405 908 κατή-

221 957 365 1023 εγορον.
415 931 514 1002 ίκανὰ
545 931 609 1020 μὲν
642 923 705 1000 οῦν
739 923 780 1020 ἦν
812 933 867 1000 καὶ
900 933 1011 1000 ἐκεῖνα
1038 927 1123 1016 πρὸς
1150 926 1323 1010 ἀπόδειξιν
1348 931 1406 997 τοῦ

248 1047 385 1122 πλείους
407 1039 495 1110 εἶναι
524 1038 697 1127 ὁυνόμεις,
726 1033 779 1120 αἷς
808 1038 1041 1127 ἐπιθυμοῦμεν
1061 1063 1096 1104 τε
1125 1035 1180 1113 παὶ
1205 1035 1406 1124 θυμούμεθα

249 1148 305 1218 καί
328 1149 542 1236 λογιζόμεθα,
566 1148 620 1214 καί
644 1145 689 1236 peip
713 1153 805 1235 μίαν,
828 1145 874 1227 ὠς
896 1143 916 1215 ὁ
940 1143 1136 1233 Χρύσιππος
1159 1152 1273 1212 οίεται.
1297 1163 1406 1230 ,προσ-
1488 1171 1489 1190 ¹

249 1261 391 1326 πείσεται
421 1255 458 1324 δέ
488 1253 549 1324 οὐκ
578 1251 675 1342 ὀλίγα
703 1255 755 1322 καί
785 1253 868 1322 κατὰ
895 1256 1017 1322 τοῦτον
1041 1257 1089 1320 έτι
1116 1249 1321 1338 τὸνλόγον,
1347 1249 1408 1319 ὅσα

250 1361 446 1452 Χρύσιππος
478 1357 580 1442 αὐτὸς
611 1361 954 1450 ἐναντιολογοόμευος
983 1357 1073 1451 αὑτῷ
1106 1373 1271 1448 μαρτυρεῖ
1300 1363 1344 1452 τῷ
1375 1385 1408 1426 τε

213 1499 238 1538 ιο
251 1465 376 1558 ἀληθεῖ
396 1469 465 1558 ἅμα
492 1469 546 1538 καὶ
574 1473 619 1562 τῷ
648 1473 777 1562 παλαιῷ
806 1469 957 1558 δόγματι.
1006 1467 1047 1537 τῦ
1075 1467 1137 1556 μὲν
1165 1465 1230 1554 γὰρ
1260 1465 1344 1535 ἄλλα
1370 1465 1408 1535 τῦ

250 1581 361 1658 κακῶς
387 1577 546 1666 εἰρημένα
574 1575 664 1664 παρέι
692 1573 798 1646 αὐτοῦ
830 1583 938 1645 καίτοι
967 1575 1145 1664 πάμπολλοι
1173 1573 1235 1643 τὸν
1262 1572 1408 1663 ἀριθμὸν

252 1685 335 1756 ὄντα
357 1693 541 1773 παρελθεῖν
564 1689 679 1770 ἔκρινα
706 1682 915 1770 πολῦβιγλλόν
942 1709 977 1752 τε
1007 1681 1075 1772 ἅμα
1097 1682 1161 1772 τὴν
1184 1689 1409 1771 πραγματείαν

253 1799 395 1863 ἔσεσθαί
410 1821 467 1881 μοι
487 1797 645 1880 νομίζων,
664 1797 695 1860 εί
711 1791 820 1860 πάντα
839 1792 1039 1879 ἐξελέγχοιμι
1059 1795 1178 1871 καλῶς,
1197 1791 1410 1878 πεπεισμένος

185 1926 243 1984 ςςι
254 1927 289 1972 τε
313 1903 319 1988 l
345 1897 412 1970 ῦπὸ
436 1907 644 1988 φιλονεικίας
671 1905 730 1988 τῆς
756 1897 841 1985 πρὸς
867 1897 947 1979 τοὺς
969 1897 1134 1977 παλαιοὺς
1161 1897 1409 1985 ἐριστικώτερον

214 2035 240 2078 ιε
254 2006 338 2095 ὑπὲρ
358 2005 470 2078 αὐτῶν
489 2006 714 2096 ἀντεροῦντας
736 2034 791 2096 μοι
812 2005 891 2087 τοὺς
910 2007 1133 2086 ἐπαινοῦντας
1154 2005 1194 2074 τὰ
1214 2012 1410 2094 Χρυσίππου

255 2115 418 2204 δόγματα·
447 2117 485 2184 ἐν
513 2109 563 2196 οἷς
591 2114 627 2182 ul
657 2111 758 2194 αι”τὸς
785 2113 907 2182 ἑαυτὸν
938 2113 1133 2200 καταβάλλει
1164 2111 1247 2202 μετέι
1274 2119 1335 2182 τοῦ
1357 2115 1406 2180 καί

254 2223 420 2314 μάχεσθαι
443 2237 515 2302 τοῖς
533 2224 682 2310 ἐναργῶς
701 2223 931 2311 φαινομένοις,
955 2225 993 2290 ἐν
1015 2221 1147 2302 τούτοις
1168 2219 1313 2311 ἡγοῦμαι
1330 2220 1410 2310 τόγα

258 2355 454 2364 —-——---
465 2355 471 2361 .

291 2409 307 2458 2
332 2397 380 2458 ἐπ’
405 2398 531 2473 ἐμαυτοῦ
550 2403 579 2456 M
602 2397 654 2456 εἶπ’
676 2397 698 2458 ε’.
720 2403 860 2458 ABChK.
887 2433 919 2443 —
945 2411 961 2458 9
985 2395 1063 2457 αότιῦ
1087 2401 1230 2458 ΜΑΒΟλι.
1250 2381 1367 2468 -ιτοίς
1384 2397 1409 2458 τ’

253 2471 377 2545 ἀληθέσι
395 2473 476 2530 eodm
495 2473 558 2530 edd.
578 2475 616 2546 τῷ
637 2492 665 2528 τε
686 2469 795 2543 ἀληθεῖ
810 2491 875 2540 οοες
895 2473 931 2528 ei.
950 2473 1034 2530 Proll.
1053 2491 1081 2544 p.
1101 2481 1143 2530 96.
1163 2505 1197 2515 -

253 2659 316 2725 bus
339 2677 507 2722 recensere
532 2661 667 2722 conatus
693 2679 796 2722 sum..
820 2656 908 2722 Nam
937 2657 971 2724 in
1000 2657 1110 2742 priore
1139 2663 1233 2744 parte
1261 2657 1333 2744 ipse
1356 2679 1412 2744 per

255 2788 308 2832 me
331 2765 484 2848 disserui,
512 2785 595 2848 quae
624 2764 788 2830 evidentia
816 2765 1055 2851 manifestaque
1079 2763 1261 2851 Chrysippi
1288 2771 1411 2834 senlen-

255 2873 322 2940 λίπε
345 2877 565 2959 repugnarent
586 2893 732 2957 quaeque
755 2872 842 2938 ilem
866 2873 936 2958 ipse
960 2873 1023 2938 sibi
1043 2874 1209 2939 contrariu
1229 2875 1411 2962 scripsisset

255 3003 322 3048 non
345 2984 531 3066 exspectata
559 2981 664 3046 aliena
694 2981 955 3065 reprehensione.
1001 2979 1092 3057 Quae
1119 2981 1249 3066 quidem
1273 2981 1352 3048 licei·
1375 2982 1411 3047 ael

257 3087 514 3155 confirmandum
538 3088 629 3172 illud,
653 3090 826 3154 facultates
847 3089 957 3173 animi,
981 3089 1098 3175 quibus
1123 3091 1282 3176 cupimus,
1304 3091 1412 3157 irasci·

256 3218 339 3280 mur,
362 3195 612 3278 ratiocinamur,
636 3195 745 3280 plures
770 3219 854 3280 esse,
878 3219 943 3263 nou
967 3221 1079 3281 unam,
1107 3197 1204 3264 siculi
1228 3195 1412 3286 Chrysippo

257 3303 380 3390 placei,
408 3303 489 3368 salis
518 3303 662 3387 valeant,
691 3327 757 3370 nou
784 3327 889 3390 pauca
917 3310 1027 3370 tamen
1057 3305 1158 3372 eliam
1181 3307 1215 3372 in
1243 3305 1306 3372 hoc
1330 3307 1412 3373 libro

258 3410 506 3496 subiungimus,
529 3433 612 3496 quae
633 3411 839 3497 Chrysippus
864 3419 895 3476 et
921 3413 983 3478 sibi
1007 3415 1071 3498 ipsi
1095 3415 1259 3480 eonlraria
1283 3421 1315 3482 el
1339 3437 1412 3480 vero

258 3517 425 3604 eidemque
450 3517 552 3582 reteri
576 3519 705 3583 decretu
730 3525 948 3586 consentanea
972 3521 1118 3606 protulit.
1165 3521 1304 3608 Reliqua
1329 3523 1412 3590 euim

257 3648 432 3714 perperam
456 3626 497 3692 sb
526 3649 564 3691 eo
593 3625 679 3691 (lietu
709 3629 858 3712 quumvis
882 3652 1016 3696 numero
1045 3629 1186 3716 plurimu
1211 3633 1414 3716 praetermit-

258 3732 357 3800 tenda
381 3733 416 3799 in
440 3733 627 3818 praeseutia
652 3735 765 3818 uului,
794 3741 863 3802 ium
887 3737 964 3822 quie
986 3737 1241 3825 disputationem
1265 3737 1364 3823 hauc,
1387 3739 1413 3804 si

259 3839 371 3908 omniu
404 3841 486 3906 setis
521 3841 668 3907 refellere
702 3843 813 3926 eelim,
846 3845 1055 3911 mullitudine
1087 3847 1245 3912 librorum
1278 3847 1413 3914 nimiam

259 3949 330 4016 fore
349 3953 439 4034 puto,
463 3953 532 4014 lum
553 3950 628 4036 quia
649 3951 853 4036 exploratum
877 3951 983 4018 habeo
1006 3953 1076 4020 fore
1096 3959 1141 4039 ul,
1163 3953 1220 4040 qui
1239 3951 1412 4042 Chrysippi

260 4055 383 4142 placila
414 4055 564 4141 laudaui,
598 4059 783 4124 aemulandi
812 4061 1080 4148 ubireelandique
1108 4061 1273 4128 veleribus
1307 4063 1413 4130 studio

259 4163 437 4252 litigiosius
461 4189 521 4252 pro
546 4166 612 4232 illis
636 4173 751 4232 eontra
774 4191 825 4233 me
855 4168 980 4254 (lienum
1010 4169 1044 4235 in
1074 4169 1191 4256 quibus
1216 4174 1326 4238 aulem
1349 4195 1413 4238 non

260 4271 358 4340 modo
381 4273 565 4338 manifestis
588 4275 840 4362 patentibusque
865 4275 961 4342 rebus
985 4283 1155 4364 repugnat,
1178 4300 1292 4346 rerum
1315 4279 1413 4347 eliam

260 4403 295 4446 se
326 4381 435 4466 ipsum
468 4382 605 4468 refulsi,
642 4380 720 4448 haec
755 4383 895 4450 fortusse
928 4384 1085 4470 pudorem
1118 4385 1214 4452 ulicui
1247 4387 1413 4456 incussum
