3014 5024
624 373 667 384 -
702 336 780 404 aas
826 374 872 386 -

155 495 357 584 τρέφοντες,
381 493 461 577 τοὺς
484 495 519 566 δέ
544 497 802 585 θυμικωτέρους
828 497 891 567 καλ
908 498 1138 588 μανικώτερον
1164 498 1319 593 ᾅττοιπι..

157 605 199 672 ἐν
222 617 294 685 τιιῑς
317 603 495 684 ἐναντίαις.
542 605 610 674 ἐπεὶ
636 601 693 674 διά
716 609 752 672 τί
771 603 856 693 πρὸς
877 609 982 694 θεῶν,
1006 607 1162 698 ἐρωτήσω
1186 607 1251 698 γάρ
1275 615 1324 680 ἔτι.

155 715 261 781 τοῦτο
289 711 369 794 τοὺς
396 709 460 782 άπὸ
488 717 551 782 τοῦ
580 719 798 802 Χρυσίππου,
827 713 958 802 Δάμων
985 713 1003 784 ό
1032 717 1194 804 μουσικὸς
1221 713 1322 806 redtu-

155 822 250 907 τρίδι
277 821 551 910 παραγενόμενος
578 817 729 912 αὐλοόσῃ
761 819 800 890 τὸ
832 821 985 912 Φρύγιον
1018 832 1207 907 νεανίσκοις
1232 829 1321 896 τισίν

157 929 361 1017 οἰνωμένοις
382 930 437 998 καὶ
461 928 585 1019 μανικὰ
608 927 690 998 titan
710 932 1008 1018 διαπραττομένοις
1026 933 1198 1002 ἐκέλευσεν
1221 931 1321 1021 αὐλή·

155 1056 217 1104 σαι
235 1033 273 1106 τὸ
294 1036 445 1127 Διόριον,
468 1042 504 1108 οἱ
525 1038 561 1106 δὲ
582 1034 687 1118 εὐθὺς
705 1036 894 1108 ἐπαύσαντο
913 1042 972 1126 τής
991 1039 1179 1128 ἐμπλήκτου
1197 1045 1321 1129 φοράς.

157 1139 201 1214 οὗ
234 1143 299 1234 γὰρ
332 1145 443 1236 δήπου
475 1145 534 1228 τὰς
566 1145 668 1228 δόξας
698 1147 760 1216 τοῦ
793 1150 987 1232 λογιστικοῦ
1019 1148 1321 1235 μεταδιδάσκονται

155 1252 243 1340 πρὸς
265 1257 334 1324 τάν
357 1251 577 1344 αὐλημάτων,
600 1251 684 1323 ἀλλὰ
708 1251 746 1323 τὸ
769 1251 961 1342 παθητικὸν
983 1257 1042 1342 τῆς
1065 1260 1173 1344 ίυχής
1195 1255 1321 1345 ἄλογοι

154 1359 312 1450 ὑπάρχον
334 1363 565 1452 ἐπεγείρονταί
588 1389 623 1432 τε
650 1361 707 1430 καὶ
734 1361 944 1448 πραΰνονται
969 1360 1026 1431 διά
1053 1363 1221 1451 κινήσεων
1244 1361 1303 1434 ‹itz'

155 1497 239 1557 γων.
283 1475 329 1563 τῷ
352 1469 502 1560 μὲνγὰρ
526 1468 637 1562 άλόγφ
662 1467 719 1538 διὰ
742 1473 812 1537 τῶν
835 1464 970 1557 ἀλόγων
994 1469 1014 1560 ἦ
1037 1497 1072 1540 τε
1095 1468 1239 1560 ὠφέλεια
1262 1500 1342 1540 κει..

153 1576 176 1666 ip
201 1577 327 1665 βλάβη,
349 1581 395 1672 τῷ
419 1583 557 1706 λογικῷ
571 1579 608 1648 δὲ
636 1577 692 1647 διὰ
717 1575 898 1666 ἐπιστήμης
923 1579 1037 1648 τεκαὶ
1062 1575 1219 1667 άμαθίας.
1264 1611 1293 1648 :z-

152 1713 261 1756 ταυτα
285 1679 350 1756 οὖν
372 1689 470 1756 ἐκ
430 1715 490 1776 της
511 1690 581 1756 cciv
602 1690 725 1756 παθῶν
748 1689 856 1766 αι’τίας
879 1693 1090 1774 γνωσθείσης
1112 1685 1304 1776 desereres

153 1815 264 1884 φησιν
291 1791 378 1884 ἡμᾶς
404 1793 422 1864 δ
451 1792 684 1874 Ποσειδώνιος
709 1793 767 1862 καὶ
798 1816 900 1878 προσε
903 1821 935 1862 τι
969 1793 1024 1864 ’τά
1029 1795 1304 1924 διαπφροόμιπκ

153 1909 246 1992 φησί
265 1903 432 2032 περὶτῆς
456 1903 492 1970 ἐκ
514 1897 681 1982 πάθους
666 1905 772 1990 ορμής
790 1901 972 1989 ἐξέφηνενέ
1010 1928 1079 1972 ειτα
1100 1899 1269 1990 αότός,ι...

153 2007 296 2081 παιδ’
254 2038 339 2079 αντα
330 2009 461 2096 ’έστιν,
480 2009 649 2098 ἐπιφέρων
669 2010 832 2097 ἐξηγεῖται
849 2007 1000 2078 τόνδε
967 2037 1029 2079 τον
1048 2010 1187 2099 τρόπον·
1213 2011 1277 2098 ‘oi

154 2117 245 2208 ‘prim
263 2116 316 2188 ότι
333 2117 436 2188 πάλαι
455 2118 601 2207 βλέπετε,
618 2121 690 2199 πῶς
707 2117 764 2188 διὰ
784 2116 889 2204 λόγου
907 2116 970 2207 μὲν
983 2120 1176 2201 πεισθέντες
1194 2119 1275 2190 errori

191 2294 296 2364 3τοδς
313 2293 474 2355 circili.—
493 2297 727 2361 tvenvtosorcb
747 2299 838 2362 νεανί,
857 2297 1003 2384 (fortasse
1005 2315 1040 2354 cx
1059 2301 1149 2369 νεανί,
1169 2299 1187 2356 i.
1207 2317 1231 2356 e
1245 2320 1301 2382 νιιι
1303 2329 1313 2340 »

151 2376 231 2435 νίαις
249 2375 359 2435 natum)
378 2371 408 2426 M
425 2372 553 2432 νεανίοις
571 2371 623 2426 ΑΒ
642 2371 771 2433 νεανίαις
790 2369 923 2426 cuu-
948 2363 1159 2426 5drrnL.-
1126 2365 1277 2436 -ὃδόο
1308 2397 1314 2406 ·

150 2444 312 2502 Man-
336 2437 416 2498 οἳδ’
440 2441 538 2498 M.-
563 2449 594 2498 11
617 2437 762 2512 εόμαθίας
785 2440 950 2498 MABchK
973 2437 1104 2513 άμαθίας
1128 2442 1210 2499 Corn.
1231 2443 1303 2498 L

154 2525 191 2646 13
211 2518 285 2606 φησί
304 2513 417 2644 απαξ,
440 2513 476 2570 ct.
495 2513 581 2570 Proll
605 2531 633 2586 p.
652 2521 754 2570 o5.·-
778 2509 928 2584 ἐμφανοῦς
951 2531 1003 2584 pro
1027 2509 1060 2570 ἐκ
1082 2511 1255 2579 πάδονςλι.
1291 2545 1310 2554 ·-

153 2601 168 2646 1
210 2607 284 2644 ιιοτιι
303 2603 351 2644 om
428 2617 463 2629 -·

149 2773 214 2840 riis
242 2773 353 2838 autem
381 2769 596 2836 animosiores
629 2767 835 2854 ferociusque
864 2768 1065 2835 exsultantes
1095 2769 1285 2838 educabin..

150 2881 242 2950 Nam
276 2901 336 2965 per
362 2877 440 2945 deos
468 2875 687 2943 immortales!
720 2876 798 2962 quid
831 2879 882 2942 est
914 2899 1031 2944 causae
1060 2913 1104 2926 —
1132 2877 1179 2944 ita
1209 2877 1299 2946 Cn:

149 2990 287 3074 sippum
319 2985 453 3071 eiusque
483 2987 606 3050 sectam
638 2985 852 3071 interrogabo
877 3022 936 3070 -,
974 3007 1046 3069 cur,
1080 3007 1154 3052 cum
1182 2985 1311 3054 Dan„¹

149 3096 299 3164 musicus
331 3093 503 3160 tibicinam
533 3092 796 3159 adulescentibus
824 3093 1021 3179 quibusdam
1048 3094 1236 3160 temulentis
1267 3148 1272 3160 ,

147 3225 298 3290 sanaque
330 3201 505 3288 agentibus
538 3201 718 3288 Phrygium
752 3204 920 3266 canentem
951 3205 1080 3267 mutare
1111 3202 1245 3272 modum
1282 3205 1287 3214 '

148 3311 310 3379 Doricum
334 3309 499 3393 iussisset,
526 3309 576 3374 illi
601 3309 756 3376 continuo
780 3331 800 3373 a
827 3309 1002 3376 temerario
1026 3309 1151 3396 impetu
1179 3311 1274 3377 desa.

148 3419 242 3486 rint?
277 3415 445 3484 Nimirum
467 3439 535 3484 non
554 3417 592 3482 de
612 3417 823 3502 opinionibus
840 3415 1009 3482 facultatis
1029 3419 1202 3485 rationalis
1221 3420 1239 3483 «l
1255 3449 1277 3462 ·=

149 3528 228 3596 dere
257 3525 430 3592 cantilenis
460 3523 607 3610 discunt,
644 3523 714 3610 sed,
750 3547 823 3590 cum
856 3524 1027 3591 affectibus
1059 3525 1201 3592 obnoxiu

74 3671 87 3684 ·
150 3635 256 3702 animi
278 3633 482 3700 irrationalis
507 3633 560 3718 sit,
583 3634 727 3699 motibus
752 3632 998 3699 irrationalibus
1023 3637 1056 3697 ct
1075 3633 1250 3700 excitante:

150 3745 317 3812 sedantur.
373 3739 572 3808 irrationale
605 3741 693 3806 enim
730 3741 772 3806 ab
805 3739 1068 3825 irrationalibus,
1099 3742 1251 3808 rational*
1302 3775 1304 3784 ·

150 3851 290 3920 scientia
310 3855 343 3916 et
361 3849 493 3916 inscitia
513 3853 546 3915 et
565 3849 743 3915 utilitatem
758 3853 792 3914 et
810 3849 1042 3914 detrimentum
1056 3849 1186 3934 accipit.
1217 3851 1273 3935 i...

150 3965 185 4027 et
222 3959 285 4026 hoc
322 3981 361 4024 ex
397 3957 531 4044 cognitis
567 3957 851 4043 perturbationum
888 3979 987 4021 causa
1023 3956 1118 4022 nobis
1156 3961 1270 4023 acceo:
1294 3985 1307 3998 ι·

150 4067 407 4135 emolumentum
432 4065 480 4131 ait
501 4065 696 4132 Posidonius
721 4069 754 4131 et
776 4066 910 4150 insuper
933 4063 1178 4130 ‘dubitationes’
1201 4065 1301 4150 incpu.

150 4176 203 4242 ‘dc
221 4175 507 4263 perturbationum
528 4175 729 4260 appetitione
750 4168 959 4258 explanavit?
1000 4171 1083 4238 Tum
1102 4171 1182 4256 ipse,
1202 4195 1305 4237 curm·

150 4284 241 4351 modi
264 4284 341 4351 illae
365 4283 440 4368 sint,
463 4283 610 4349 declarat
631 4281 694 4368 his,
717 4305 800 4368 quae
824 4285 1016 4368 sequuntur,
1038 4278 1162 4344 uerbis:
1201 4278 1306 4345 ‘Eri-

151 4391 268 4460 stimo
292 4392 395 4459 enim
422 4390 645 4458 iamdudum
668 4413 734 4457 vos
759 4391 904 4476 videre,
931 4393 974 4454 ut
994 4389 1038 4474 ii,
1065 4386 1129 4474 qui
1152 4389 1305 4454 ratione
