<?xml version="1.0" encoding="UTF-8"?>
<!DOCTYPE html PUBLIC "-//W3C//DTD XHTML 1.0 Transitional//EN"
    "http://www.w3.org/TR/xhtml1/DTD/xhtml1-transitional.dtd">
<html xmlns="http://www.w3.org/1999/xhtml" xml:lang="en" lang="en">
 <head>
  <title>
</title>
<meta http-equiv="Content-Type" content="text/html;charset=utf-8" />
  <meta name='ocr-system' content='tesseract 3.04.00' />
  <meta name='ocr-capabilities' content='ocr_page ocr_carea ocr_par ocr_line ocrx_word'/>
</head>
<body>
  <div class='ocr_page' id='page_1' title='image "./claudiigalenide01mlgoog_0156.png"; bbox 0 0 3048 5036; ppageno 0'>
   <div class='ocr_carea' id='block_1_1' title="bbox 539 368 787 432">
    <p class='ocr_par' dir='ltr' id='par_1_1' title="bbox 539 368 787 432">
     <span class='ocr_line' id='line_1_1' title="bbox 539 368 787 432; baseline 0 0"><span class='ocrx_word' id='word_1_1' title='bbox 539 368 787 432; x_wconf 69' lang='lat'>-129-</span> 
     </span>
    </p>
   </div>
   <div class='ocr_carea' id='block_1_2' title="bbox 1 527 1304 4488">
    <p class='ocr_par' dir='ltr' id='par_1_2' title="bbox 1 527 1245 2686">
     <span class='ocr_line' id='line_1_2' title="bbox 71 527 1242 618; baseline 0.001 -23"><span class='ocrx_word' id='word_1_2' title='bbox 71 551 131 614; x_wconf 88' lang='lat' dir='ltr'>que</span> <span class='ocrx_word' id='word_1_3' title='bbox 167 527 336 594; x_wconf 82' lang='lat' dir='ltr'>familiam</span> <span class='ocrx_word' id='word_1_4' title='bbox 369 527 516 595; x_wconf 88' lang='lat' dir='ltr'>codicum</span> <span class='ocrx_word' id='word_1_5' title='bbox 549 551 587 594; x_wconf 82' lang='lat' dir='ltr'>ex</span> <span class='ocrx_word' id='word_1_6' title='bbox 621 529 731 596; x_wconf 87' lang='lat' dir='ltr'>eadem</span> <span class='ocrx_word' id='word_1_7' title='bbox 771 529 874 616; x_wconf 85' lang='lat' dir='ltr'>stirpe</span> <span class='ocrx_word' id='word_1_8' title='bbox 910 535 1106 617; x_wconf 78' lang='lat' dir='ltr'>prognatam</span> <span class='ocrx_word' id='word_1_9' title='bbox 1144 535 1242 618; x_wconf 87' lang='lat' dir='ltr'>atque</span> 
     </span>
     <span class='ocr_line' id='line_1_3' title="bbox 71 619 1242 706; baseline 0.004 -24"><span class='ocrx_word' id='word_1_10' title='bbox 71 621 181 704; x_wconf 86' lang='lat' dir='ltr'>ipsum</span> <span class='ocrx_word' id='word_1_11' title='bbox 212 619 442 705; x_wconf 71' lang='lat' dir='ltr'>archetypum.</span> <span class='ocrx_word' id='word_1_12' title='bbox 465 619 549 684; x_wconf 89' lang='lat' dir='ltr'>uude</span> <span class='ocrx_word' id='word_1_13' title='bbox 574 620 735 706; x_wconf 78' lang='lat' dir='ltr'>originem</span> <span class='ocrx_word' id='word_1_14' title='bbox 759 620 894 703; x_wconf 88' lang='lat' dir='ltr'>ducunt,</span> <span class='ocrx_word' id='word_1_15' title='bbox 920 621 1075 688; x_wconf 86' lang='lat' dir='ltr'>inferiore</span> <span class='ocrx_word' id='word_1_16' title='bbox 1099 621 1242 706; x_wconf 86' lang='lat' dir='ltr'>quodam</span> 
     </span>
     <span class='ocr_line' id='line_1_4' title="bbox 71 709 1242 797; baseline 0.005 -25"><span class='ocrx_word' id='word_1_17' title='bbox 71 709 223 778; x_wconf 81' lang='lat' dir='ltr'>saeculo.</span> <span class='ocrx_word' id='word_1_18' title='bbox 256 731 320 794; x_wconf 84' lang='lat' dir='ltr'>qno</span> <span class='ocrx_word' id='word_1_19' title='bbox 352 717 385 776; x_wconf 88' lang='lat' dir='ltr'>et</span> <span class='ocrx_word' id='word_1_20' title='bbox 418 710 611 776; x_wconf 81' lang='lat' dir='ltr'>minusculis</span> <span class='ocrx_word' id='word_1_21' title='bbox 644 719 677 775; x_wconf 87' lang='lat' dir='ltr'>et</span> <span class='ocrx_word' id='word_1_22' title='bbox 707 713 795 778; x_wconf 80' lang='lat' dir='ltr'>notis</span> <span class='ocrx_word' id='word_1_23' title='bbox 830 711 1095 797; x_wconf 89' lang='lat' dir='ltr'>cornpendiisque</span> <span class='ocrx_word' id='word_1_24' title='bbox 1127 711 1242 778; x_wconf 87' lang='lat' dir='ltr'>multis</span> 
     </span>
     <span class='ocr_line' id='line_1_5' title="bbox 71 799 1243 886; baseline 0.002 -22"><span class='ocrx_word' id='word_1_25' title='bbox 71 800 258 864; x_wconf 86' lang='lat' dir='ltr'>utebantur</span> <span class='ocrx_word' id='word_1_26' title='bbox 279 799 419 884; x_wconf 86' lang='lat' dir='ltr'>librarii,</span> <span class='ocrx_word' id='word_1_27' title='bbox 443 807 614 865; x_wconf 87' lang='lat' dir='ltr'>exaratum</span> <span class='ocrx_word' id='word_1_28' title='bbox 634 803 807 886; x_wconf 85' lang='lat' dir='ltr'>seripturis</span> <span class='ocrx_word' id='word_1_29' title='bbox 828 801 971 884; x_wconf 76' lang='lat' dir='ltr'>vitiosis,</span> <span class='ocrx_word' id='word_1_30' title='bbox 996 801 1243 886; x_wconf 84' lang='lat' dir='ltr'>omissionibus,</span> 
     </span>
     <span class='ocr_line' id='line_1_6' title="bbox 72 888 1242 974; baseline 0.003 -20"><span class='ocrx_word' id='word_1_31' title='bbox 72 888 389 974; x_wconf 87' lang='lat' dir='ltr'>interpolationibus</span> <span class='ocrx_word' id='word_1_32' title='bbox 421 891 507 956; x_wconf 82' lang='lat' dir='ltr'>male</span> <span class='ocrx_word' id='word_1_33' title='bbox 541 893 694 956; x_wconf 86' lang='lat' dir='ltr'>att&#39;eetum</span> <span class='ocrx_word' id='word_1_34' title='bbox 727 913 807 956; x_wconf 88' lang='lat' dir='ltr'>esse.</span> <span class='ocrx_word' id='word_1_35' title='bbox 857 891 995 959; x_wconf 87' lang='lat' dir='ltr'>Postero</span> <span class='ocrx_word' id='word_1_36' title='bbox 1023 897 1133 958; x_wconf 88' lang='lat' dir='ltr'>autem</span> <span class='ocrx_word' id='word_1_37' title='bbox 1161 895 1242 958; x_wconf 88' lang='lat' dir='ltr'>tent·</span> 
     </span>
     <span class='ocr_line' id='line_1_7' title="bbox 72 978 1243 1068; baseline 0.008 -29"><span class='ocrx_word' id='word_1_38' title='bbox 72 1003 151 1063; x_wconf 91' lang='lat' dir='ltr'>pore</span> <span class='ocrx_word' id='word_1_39' title='bbox 193 978 387 1064; x_wconf 77' lang='lat' dir='ltr'><strong>depravatio</strong></span> <span class='ocrx_word' id='word_1_40' title='bbox 429 985 538 1046; x_wconf 84' lang='lat' dir='ltr'>textus</span> <span class='ocrx_word' id='word_1_41' title='bbox 581 987 767 1066; x_wconf 80' lang='lat' dir='ltr'>propagata</span> <span class='ocrx_word' id='word_1_42' title='bbox 808 985 968 1068; x_wconf 84' lang='lat' dir='ltr'>auctaque</span> <span class='ocrx_word' id='word_1_43' title='bbox 1007 986 1059 1047; x_wconf 91' lang='lat' dir='ltr'>est</span> <span class='ocrx_word' id='word_1_44' title='bbox 1094 983 1129 1048; x_wconf 88' lang='lat' dir='ltr'>in</span> <span class='ocrx_word' id='word_1_45' title='bbox 1165 1003 1243 1066; x_wconf 83' lang='lat' dir='ltr'>apo-</span> 
     </span>
     <span class='ocr_line' id='line_1_8' title="bbox 72 1068 1242 1158; baseline 0.003 -26"><span class='ocrx_word' id='word_1_46' title='bbox 72 1068 231 1154; x_wconf 67' lang='lat' dir='ltr'>graphis,</span> <span class='ocrx_word' id='word_1_47' title='bbox 263 1091 280 1132; x_wconf 88' lang='lat' dir='ltr'>e</span> <span class='ocrx_word' id='word_1_48' title='bbox 313 1071 431 1156; x_wconf 86' lang='lat' dir='ltr'>quibus</span> <span class='ocrx_word' id='word_1_49' title='bbox 463 1069 558 1154; x_wconf 89' lang='lat' dir='ltr'>illnd,</span> <span class='ocrx_word' id='word_1_50' title='bbox 595 1071 680 1156; x_wconf 87' lang='lat' dir='ltr'>quod</span> <span class='ocrx_word' id='word_1_51' title='bbox 719 1071 881 1136; x_wconf 83' lang='lat' dir='ltr'>familiam</span> <span class='ocrx_word' id='word_1_52' title='bbox 914 1070 967 1138; x_wconf 76' lang='lat' dir='ltr'>cb</span> <span class='ocrx_word' id='word_1_53' title='bbox 1001 1072 1128 1158; x_wconf 82' lang='lat' dir='ltr'>genuit,</span> <span class='ocrx_word' id='word_1_54' title='bbox 1159 1071 1242 1138; x_wconf 81' lang='lat' dir='ltr'>satis</span> 
     </span>
     <span class='ocr_line' id='line_1_9' title="bbox 73 1159 1243 1248; baseline 0.003 -26"><span class='ocrx_word' id='word_1_55' title='bbox 73 1163 231 1224; x_wconf 86' lang='lat' dir='ltr'>accurate</span> <span class='ocrx_word' id='word_1_56' title='bbox 250 1159 380 1244; x_wconf 80' lang='lat' dir='ltr'>qrtidern</span> <span class='ocrx_word' id='word_1_57' title='bbox 400 1161 606 1246; x_wconf 87' lang='lat' dir='ltr'>propositum</span> <span class='ocrx_word' id='word_1_58' title='bbox 627 1162 794 1248; x_wconf 80' lang='lat' dir='ltr'>exemplar</span> <span class='ocrx_word' id='word_1_59' title='bbox 812 1160 1038 1246; x_wconf 79' lang='lat' dir='ltr'>descripsisse,</span> <span class='ocrx_word' id='word_1_60' title='bbox 1058 1160 1114 1227; x_wconf 89' lang='lat' dir='ltr'>sed</span> <span class='ocrx_word' id='word_1_61' title='bbox 1133 1162 1243 1246; x_wconf 89' lang='lat' dir='ltr'>ipsum</span> 
     </span>
     <span class='ocr_line' id='line_1_10' title="bbox 1 1251 1243 1338; baseline 0.003 -26"><span class='ocrx_word' id='word_1_62' title='bbox 1 1283 2 1326; x_wconf 63' lang='lat'><em>3</em></span> <span class='ocrx_word' id='word_1_63' title='bbox 72 1260 128 1314; x_wconf 92' lang='lat' dir='ltr'>aut</span> <span class='ocrx_word' id='word_1_64' title='bbox 160 1251 350 1316; x_wconf 86' lang='lat' dir='ltr'>litteratura</span> <span class='ocrx_word' id='word_1_65' title='bbox 379 1251 582 1318; x_wconf 73' lang='lat' dir='ltr'>obscuritate</span> <span class='ocrx_word' id='word_1_66' title='bbox 614 1259 670 1316; x_wconf 91' lang='lat' dir='ltr'>ant</span> <span class='ocrx_word' id='word_1_67' title='bbox 703 1259 889 1338; x_wconf 88' lang='lat' dir='ltr'>temporum</span> <span class='ocrx_word' id='word_1_68' title='bbox 921 1251 1042 1318; x_wconf 87' lang='lat' dir='ltr'>iniuria</span> <span class='ocrx_word' id='word_1_69' title='bbox 1073 1252 1243 1318; x_wconf 79' lang='lat' dir='ltr'>laborasse</span> 
     </span>
     <span class='ocr_line' id='line_1_11' title="bbox 1 1339 1243 1427; baseline 0.004 -24"><span class='ocrx_word' id='word_1_70' title='bbox 1 1343 2 1346; x_wconf 72' lang='grc'>’</span> <span class='ocrx_word' id='word_1_71' title='bbox 74 1339 223 1417; x_wconf 66' lang='lat' dir='ltr'>videtur,</span> <span class='ocrx_word' id='word_1_72' title='bbox 251 1361 288 1404; x_wconf 83' lang='lat' dir='ltr'>ex</span> <span class='ocrx_word' id='word_1_73' title='bbox 318 1363 382 1426; x_wconf 81' lang='grc' dir='ltr'><strong>ιμιιι</strong></span> <span class='ocrx_word' id='word_1_74' title='bbox 412 1341 467 1426; x_wconf 87' lang='lat' dir='ltr'>qui</span> <span class='ocrx_word' id='word_1_75' title='bbox 492 1341 675 1427; x_wconf 84' lang='lat' dir='ltr'>descriptus</span> <span class='ocrx_word' id='word_1_76' title='bbox 699 1347 751 1406; x_wconf 90' lang='lat' dir='ltr'>est</span> <span class='ocrx_word' id='word_1_77' title='bbox 773 1342 870 1426; x_wconf 89' lang='lat' dir='ltr'>liber,</span> <span class='ocrx_word' id='word_1_78' title='bbox 899 1342 968 1407; x_wconf 86' lang='lat' dir='ltr'>eius</span> <span class='ocrx_word' id='word_1_79' title='bbox 993 1341 1062 1407; x_wconf 82' lang='lat' dir='ltr'>site</span> <span class='ocrx_word' id='word_1_80' title='bbox 1089 1341 1243 1408; x_wconf 82' lang='lat' dir='ltr'>librarius</span> 
     </span>
     <span class='ocr_line' id='line_1_12' title="bbox 74 1431 1244 1499; baseline 0.005 -6"><span class='ocrx_word' id='word_1_81' title='bbox 74 1431 144 1494; x_wconf 79' lang='lat' dir='ltr'>site</span> <span class='ocrx_word' id='word_1_82' title='bbox 175 1435 343 1496; x_wconf 88' lang='lat' dir='ltr'>corrector</span> <span class='ocrx_word' id='word_1_83' title='bbox 370 1431 525 1498; x_wconf 87' lang='lat' dir='ltr'>ductuum</span> <span class='ocrx_word' id='word_1_84' title='bbox 550 1433 766 1498; x_wconf 84' lang='lat' dir='ltr'>obscurorum</span> <span class='ocrx_word' id='word_1_85' title='bbox 793 1431 844 1496; x_wconf 83' lang='lat' dir='ltr'>rel</span> <span class='ocrx_word' id='word_1_86' title='bbox 874 1431 1086 1498; x_wconf 75' lang='lat' dir='ltr'>evanidorum</span> <span class='ocrx_word' id='word_1_87' title='bbox 1114 1433 1182 1498; x_wconf 81' lang='lat' dir='ltr'>rim</span> <span class='ocrx_word' id='word_1_88' title='bbox 1204 1452 1244 1499; x_wconf 82' lang='lat' dir='ltr'>tte</span> 
     </span>
     <span class='ocr_line' id='line_1_13' title="bbox 76 1520 1244 1626; baseline 0.003 -42"><span class='ocrx_word' id='word_1_89' title='bbox 76 1529 281 1604; x_wconf 86' lang='lat' dir='ltr'>potestatem</span> <span class='ocrx_word' id='word_1_90' title='bbox 305 1543 496 1626; x_wconf 77' lang='lat' dir='ltr'>quacunque</span> <span class='ocrx_word' id='word_1_91' title='bbox 520 1521 648 1588; x_wconf 88' lang='lat' dir='ltr'>ratione</span> <span class='ocrx_word' id='word_1_92' title='bbox 672 1522 856 1607; x_wconf 69' lang='lat' dir='ltr'>perspicere</span> <span class='ocrx_word' id='word_1_93' title='bbox 876 1525 973 1608; x_wconf 89' lang='lat' dir='ltr'>atque</span> <span class='ocrx_word' id='word_1_94' title='bbox 994 1520 1119 1588; x_wconf 85' lang='lat' dir='ltr'>Graeca</span> <span class='ocrx_word' id='word_1_95' title='bbox 1142 1521 1244 1588; x_wconf 80' lang='lat' dir='ltr'>verba</span> 
     </span>
     <span class='ocr_line' id='line_1_14' title="bbox 1 1609 1244 1698; baseline 0.003 -24"><span class='ocrx_word' id='word_1_96' title='bbox 1 1681 2 1694; x_wconf 41' lang='lat'>,</span> <span class='ocrx_word' id='word_1_97' title='bbox 75 1611 111 1674; x_wconf 66' lang='lat' dir='ltr'>le</span> <span class='ocrx_word' id='word_1_98' title='bbox 96 1633 187 1683; x_wconf 81' lang='lat' dir='ltr'>rere</span> <span class='ocrx_word' id='word_1_99' title='bbox 227 1609 363 1680; x_wconf 89' lang='lat' dir='ltr'>studuit</span> <span class='ocrx_word' id='word_1_100' title='bbox 401 1613 456 1696; x_wconf 88' lang='lat' dir='ltr'>qui</span> <span class='ocrx_word' id='word_1_101' title='bbox 494 1633 589 1698; x_wconf 90' lang='lat' dir='ltr'>quern</span> <span class='ocrx_word' id='word_1_102' title='bbox 623 1611 726 1678; x_wconf 83' lang='lat' dir='ltr'>ietutn</span> <span class='ocrx_word' id='word_1_103' title='bbox 764 1613 941 1678; x_wconf 81' lang='lat' dir='ltr'>let-tionum</span> <span class='ocrx_word' id='word_1_104' title='bbox 978 1612 1244 1698; x_wconf 83' lang='lat' dir='ltr'>prodigiosarum</span> 
     </span>
     <span class='ocr_line' id='line_1_15' title="bbox 75 1687 1244 1788; baseline 0.006 -28.14"><span class='ocrx_word' id='word_1_105' title='bbox 75 1701 302 1782; x_wconf 40' lang='lat' dir='ltr'>generatfferit</span> <span class='ocrx_word' id='word_1_106' title='bbox 336 1687 450 1766; x_wconf 86' lang='lat' dir='ltr'>multis</span> <span class='ocrx_word' id='word_1_107' title='bbox 478 1701 636 1786; x_wconf 85' lang='lat' dir='ltr'>exemplis</span> <span class='ocrx_word' id='word_1_108' title='bbox 670 1703 780 1766; x_wconf 73' lang='lat' dir='ltr'>alltrtis</span> <span class='ocrx_word' id='word_1_109' title='bbox 813 1702 1072 1768; x_wconf 88' lang='lat' dir='ltr'>dernonstratnrn</span> <span class='ocrx_word' id='word_1_110' title='bbox 1105 1707 1156 1768; x_wconf 85' lang='lat' dir='ltr'>est</span> <span class='ocrx_word' id='word_1_111' title='bbox 1187 1699 1244 1788; x_wconf 73' lang='lat' dir='ltr'>(et</span> 
     </span>
     <span class='ocr_line' id='line_1_16' title="bbox 75 1777 1244 1878; baseline 0.005 -26.094"><span class='ocrx_word' id='word_1_112' title='bbox 75 1815 178 1875; x_wconf 87' lang='lat' dir='ltr'>upra</span> <span class='ocrx_word' id='word_1_113' title='bbox 212 1813 242 1876; x_wconf 89' lang='lat' dir='ltr'>p.</span> <span class='ocrx_word' id='word_1_114' title='bbox 275 1789 343 1856; x_wconf 76' lang='lat' dir='ltr'>art</span> <span class='ocrx_word' id='word_1_115' title='bbox 399 1791 545 1856; x_wconf 79' lang='lat' dir='ltr'>Alterius</span> <span class='ocrx_word' id='word_1_116' title='bbox 582 1791 781 1877; x_wconf 61' lang='lat' dir='ltr'>apographi.</span> <span class='ocrx_word' id='word_1_117' title='bbox 813 1793 957 1876; x_wconf 88' lang='lat' dir='ltr'>parentis</span> <span class='ocrx_word' id='word_1_118' title='bbox 985 1793 1132 1858; x_wconf 83' lang='lat' dir='ltr'>familiae</span> <span class='ocrx_word' id='word_1_119' title='bbox 1159 1777 1244 1878; x_wconf 80' lang='lat' dir='ltr'>F(P)</span> 
     </span>
     <span class='ocr_line' id='line_1_17' title="bbox 76 1881 1243 1968; baseline 0.006 -29.024"><span class='ocrx_word' id='word_1_120' title='bbox 76 1881 184 1966; x_wconf 66' lang='lat' dir='ltr'>,unp</span> <span class='ocrx_word' id='word_1_121' title='bbox 208 1881 305 1966; x_wconf 90' lang='lat' dir='ltr'>paulo</span> <span class='ocrx_word' id='word_1_122' title='bbox 329 1881 557 1962; x_wconf 62' lang='lat' dir='ltr'>neglegentius</span> <span class='ocrx_word' id='word_1_123' title='bbox 580 1883 667 1946; x_wconf 88' lang='lat' dir='ltr'>t&#39;aeta</span> <span class='ocrx_word' id='word_1_124' title='bbox 692 1905 731 1946; x_wconf 85' lang='lat' dir='ltr'>ex</span> <span class='ocrx_word' id='word_1_125' title='bbox 755 1881 889 1947; x_wconf 74' lang='lat' dir='ltr'>archeta</span> <span class='ocrx_word' id='word_1_126' title='bbox 869 1904 935 1966; x_wconf 92' lang='lat' dir='ltr'>po</span> <span class='ocrx_word' id='word_1_127' title='bbox 954 1881 1132 1968; x_wconf 68' lang='lat' dir='ltr'>descriptio</span> <span class='ocrx_word' id='word_1_128' title='bbox 1155 1882 1243 1948; x_wconf 77' lang='lat' dir='ltr'>tide·</span> 
     </span>
     <span class='ocr_line' id='line_1_18' title="bbox 77 1971 1243 2058; baseline 0.003 -25"><span class='ocrx_word' id='word_1_129' title='bbox 77 1989 143 2044; x_wconf 85' lang='grc' dir='ltr'>ιιι</span> <span class='ocrx_word' id='word_1_130' title='bbox 169 1971 255 2036; x_wconf 88' lang='lat' dir='ltr'>unde</span> <span class='ocrx_word' id='word_1_131' title='bbox 275 1971 465 2036; x_wconf 70' lang='lat' dir='ltr'>merciorum</span> <span class='ocrx_word' id='word_1_132' title='bbox 485 1971 704 2058; x_wconf 80' lang='lat' dir='ltr'>vitiorumque</span> <span class='ocrx_word' id='word_1_133' title='bbox 729 1975 819 2056; x_wconf 81' lang='lat' dir='ltr'>larga</span> <span class='ocrx_word' id='word_1_134' title='bbox 842 1995 884 2036; x_wconf 88' lang='lat' dir='ltr'>se</span> <span class='ocrx_word' id='word_1_135' title='bbox 878 1994 935 2053; x_wconf 73' lang='grc' dir='ltr'><strong>,ιιι</strong></span> <span class='ocrx_word' id='word_1_136' title='bbox 954 1973 1116 2058; x_wconf 85' lang='lat' dir='ltr'>provenit,</span> <span class='ocrx_word' id='word_1_137' title='bbox 1134 1973 1243 2038; x_wconf 84' lang='lat' dir='ltr'>minue</span> 
     </span>
     <span class='ocr_line' id='line_1_19' title="bbox 1 2059 1245 2150; baseline 0.005 -28"><span class='ocrx_word' id='word_1_138' title='bbox 1 2065 2 2110; x_wconf 61' lang='grc' dir='ltr'>ἐ</span> <span class='ocrx_word' id='word_1_139' title='bbox 76 2059 172 2146; x_wconf 72' lang='lat' dir='ltr'>larga</span> <span class='ocrx_word' id='word_1_140' title='bbox 198 2059 296 2143; x_wconf 77' lang='lat' dir='ltr'>inb,</span> <span class='ocrx_word' id='word_1_141' title='bbox 320 2060 477 2146; x_wconf 80' lang='lat' dir='ltr'>largior&#39;</span> <span class='ocrx_word' id='word_1_142' title='bbox 468 2082 529 2126; x_wconf 89' lang='grc' dir='ltr'>ιιι</span> <span class='ocrx_word' id='word_1_143' title='bbox 521 2059 601 2144; x_wconf 80' lang='lat' dir='ltr'>nt,</span> <span class='ocrx_word' id='word_1_144' title='bbox 625 2069 722 2146; x_wconf 86' lang='lat' dir='ltr'>atque</span> <span class='ocrx_word' id='word_1_145' title='bbox 747 2083 785 2127; x_wconf 85' lang='lat' dir='ltr'>ex</span> <span class='ocrx_word' id='word_1_146' title='bbox 809 2063 923 2128; x_wconf 90' lang='lat' dir='ltr'>eodem</span> <span class='ocrx_word' id='word_1_147' title='bbox 947 2061 1140 2150; x_wconf 83' lang='lat' dir='ltr'>apographo</span> <span class='ocrx_word' id='word_1_148' title='bbox 1158 2061 1245 2128; x_wconf 84' lang='lat' dir='ltr'>lrber</span> 
     </span>
     <span class='ocr_line' id='line_1_20' title="bbox 78 2151 1244 2255; baseline 0.003 -41"><span class='ocrx_word' id='word_1_149' title='bbox 78 2151 205 2232; x_wconf 68' lang='lat' dir='ltr'>parimus</span> <span class='ocrx_word' id='word_1_150' title='bbox 239 2151 305 2216; x_wconf 91' lang='lat' dir='ltr'>iam</span> <span class='ocrx_word' id='word_1_151' title='bbox 339 2153 529 2234; x_wconf 81' lang='lat' dir='ltr'>etanuerat,</span> <span class='ocrx_word' id='word_1_152' title='bbox 562 2151 652 2235; x_wconf 89' lang='lat' dir='ltr'>prin.</span> <span class='ocrx_word' id='word_1_153' title='bbox 646 2175 753 2236; x_wconf 80' lang='lat' dir='ltr'>quarn</span> <span class='ocrx_word' id='word_1_154' title='bbox 782 2151 894 2255; x_wconf 82' lang='lat' dir='ltr'>ipsunt</span> <span class='ocrx_word' id='word_1_155' title='bbox 920 2151 954 2218; x_wconf 93' lang='lat' dir='ltr'>in</span> <span class='ocrx_word' id='word_1_156' title='bbox 982 2173 1069 2218; x_wconf 83' lang='lat' dir='ltr'>nota</span> <span class='ocrx_word' id='word_1_157' title='bbox 1093 2151 1244 2238; x_wconf 84' lang='lat' dir='ltr'>exempla</span> 
     </span>
     <span class='ocr_line' id='line_1_21' title="bbox 77 2239 1244 2329; baseline 0.003 -27"><span class='ocrx_word' id='word_1_158' title='bbox 77 2239 361 2306; x_wconf 77' lang='lat' dir='ltr'>transcriberetur.</span> <span class='ocrx_word' id='word_1_159' title='bbox 406 2239 497 2324; x_wconf 85' lang='lat' dir='ltr'>Idem</span> <span class='ocrx_word' id='word_1_160' title='bbox 520 2241 606 2306; x_wconf 89' lang='lat' dir='ltr'>liber</span> <span class='ocrx_word' id='word_1_161' title='bbox 628 2243 754 2326; x_wconf 85' lang='lat' dir='ltr'>primns</span> <span class='ocrx_word' id='word_1_162' title='bbox 779 2243 812 2308; x_wconf 94' lang='lat' dir='ltr'>in</span> <span class='ocrx_word' id='word_1_163' title='bbox 836 2242 941 2308; x_wconf 86' lang='lat' dir='ltr'>altera</span> <span class='ocrx_word' id='word_1_164' title='bbox 963 2241 1090 2308; x_wconf 82' lang='lat' dir='ltr'>familia</span> <span class='ocrx_word' id='word_1_165' title='bbox 1115 2243 1244 2329; x_wconf 81' lang='lat' dir='ltr'>integer</span> 
     </span>
     <span class='ocr_line' id='line_1_22' title="bbox 78 2331 1245 2416; baseline 0.006 -26"><span class='ocrx_word' id='word_1_166' title='bbox 78 2337 229 2394; x_wconf 72' lang='lat' dir='ltr'>seruatus</span> <span class='ocrx_word' id='word_1_167' title='bbox 262 2335 333 2396; x_wconf 90' lang='lat' dir='ltr'>crat</span> <span class='ocrx_word' id='word_1_168' title='bbox 356 2351 393 2396; x_wconf 89' lang='lat' dir='ltr'>ne</span> <span class='ocrx_word' id='word_1_169' title='bbox 426 2353 503 2416; x_wconf 82' lang='lat' dir='ltr'>pars</span> <span class='ocrx_word' id='word_1_170' title='bbox 536 2331 605 2396; x_wconf 84' lang='lat' dir='ltr'>eius</span> <span class='ocrx_word' id='word_1_171' title='bbox 639 2332 671 2397; x_wconf 94' lang='lat' dir='ltr'>in</span> <span class='ocrx_word' id='word_1_172' title='bbox 697 2331 750 2398; x_wconf 81' lang='lat' dir='ltr'>CL</span> <span class='ocrx_word' id='word_1_173' title='bbox 779 2345 848 2398; x_wconf 90' lang='lat' dir='ltr'>tum</span> <span class='ocrx_word' id='word_1_174' title='bbox 877 2332 1006 2398; x_wconf 88' lang='lat' dir='ltr'>demum</span> <span class='ocrx_word' id='word_1_175' title='bbox 1035 2332 1182 2398; x_wconf 85' lang='lat' dir='ltr'>abscissa</span> <span class='ocrx_word' id='word_1_176' title='bbox 1210 2337 1245 2397; x_wconf 83' lang='lat' dir='ltr'>et</span> 
     </span>
     <span class='ocr_line' id='line_1_23' title="bbox 77 2419 1243 2508; baseline 0.006 -26"><span class='ocrx_word' id='word_1_177' title='bbox 77 2419 247 2504; x_wconf 83' lang='lat' dir='ltr'>deperdita</span> <span class='ocrx_word' id='word_1_178' title='bbox 276 2420 419 2504; x_wconf 80' lang='lat' dir='ltr'>ridetur,</span> <span class='ocrx_word' id='word_1_179' title='bbox 452 2443 524 2486; x_wconf 85' lang='lat' dir='ltr'>euro</span> <span class='ocrx_word' id='word_1_180' title='bbox 559 2421 659 2486; x_wconf 79' lang='lat' dir='ltr'>codex</span> <span class='ocrx_word' id='word_1_181' title='bbox 688 2423 773 2506; x_wconf 73' lang='lat' dir='ltr'>ipse,</span> <span class='ocrx_word' id='word_1_182' title='bbox 808 2443 872 2507; x_wconf 90' lang='lat' dir='ltr'>quo</span> <span class='ocrx_word' id='word_1_183' title='bbox 905 2427 1036 2508; x_wconf 87' lang='lat' dir='ltr'>praeter</span> <span class='ocrx_word' id='word_1_184' title='bbox 1067 2423 1172 2488; x_wconf 89' lang='lat' dir='ltr'>libros</span> <span class='ocrx_word' id='word_1_185' title='bbox 1203 2421 1243 2488; x_wconf 86' lang='lat' dir='ltr'>de</span> 
     </span>
     <span class='ocr_line' id='line_1_24' title="bbox 79 2509 1243 2600; baseline 0.004 -28"><span class='ocrx_word' id='word_1_186' title='bbox 79 2509 216 2574; x_wconf 81' lang='lat' dir='ltr'>l&#39;laeitis</span> <span class='ocrx_word' id='word_1_187' title='bbox 245 2511 311 2576; x_wconf 89' lang='lat' dir='ltr'>alia</span> <span class='ocrx_word' id='word_1_188' title='bbox 335 2532 434 2596; x_wconf 89' lang='lat' dir='ltr'>opera</span> <span class='ocrx_word' id='word_1_189' title='bbox 457 2511 573 2576; x_wconf 73' lang='lat' dir='ltr'>tialcni</span> <span class='ocrx_word' id='word_1_190' title='bbox 597 2512 850 2578; x_wconf 78' lang='lat' dir='ltr'>continebantur</span> <span class='ocrx_word' id='word_1_191' title='bbox 878 2511 933 2597; x_wconf 86' lang='lat' dir='ltr'>(cf.</span> <span class='ocrx_word' id='word_1_192' title='bbox 956 2512 1071 2600; x_wconf 78' lang='lat' dir='ltr'>l’rogr.</span> <span class='ocrx_word' id='word_1_193' title='bbox 1093 2515 1195 2578; x_wconf 87' lang='lat' dir='ltr'>nostr.</span> <span class='ocrx_word' id='word_1_194' title='bbox 1217 2509 1243 2598; x_wconf 89' lang='lat'>1,</span> 
     </span>
     <span class='ocr_line' id='line_1_25' title="bbox 79 2600 776 2686; baseline 0.001 -20"><span class='ocrx_word' id='word_1_195' title='bbox 79 2621 155 2686; x_wconf 69' lang='lat' dir='ltr'>pag.</span> <span class='ocrx_word' id='word_1_196' title='bbox 181 2601 201 2666; x_wconf 89' lang='lat'><em>8</em></span> <span class='ocrx_word' id='word_1_197' title='bbox 226 2605 257 2666; x_wconf 88' lang='lat' dir='ltr'>et</span> <span class='ocrx_word' id='word_1_198' title='bbox 282 2601 332 2684; x_wconf 77' lang='lat'>9),</span> <span class='ocrx_word' id='word_1_199' title='bbox 355 2600 473 2666; x_wconf 84' lang='lat' dir='ltr'>misere</span> <span class='ocrx_word' id='word_1_200' title='bbox 497 2601 692 2666; x_wconf 87' lang='lat' dir='ltr'>dilaceratus</span> <span class='ocrx_word' id='word_1_201' title='bbox 717 2607 776 2667; x_wconf 88' lang='lat' dir='ltr'>est.</span> 
     </span>
    </p>

    <p class='ocr_par' dir='ltr' id='par_1_3' title="bbox 79 2691 1304 4488">
     <span class='ocr_line' id='line_1_26' title="bbox 170 2691 1243 2778; baseline 0.004 -23"><span class='ocrx_word' id='word_1_202' title='bbox 170 2691 320 2776; x_wconf 76' lang='lat' dir='ltr'>Apparet</span> <span class='ocrx_word' id='word_1_203' title='bbox 346 2691 450 2772; x_wconf 73' lang='lat' dir='ltr'>ittitnr</span> <span class='ocrx_word' id='word_1_204' title='bbox 477 2691 603 2756; x_wconf 81' lang='lat' dir='ltr'>codices</span> <span class='ocrx_word' id='word_1_205' title='bbox 633 2699 763 2758; x_wconf 78' lang='lat' dir='ltr'>nostros</span> <span class='ocrx_word' id='word_1_206' title='bbox 788 2691 877 2758; x_wconf 89' lang='lat' dir='ltr'>ourni</span> <span class='ocrx_word' id='word_1_207' title='bbox 900 2691 1071 2778; x_wconf 80' lang='lat' dir='ltr'>vitiorum,</span> <span class='ocrx_word' id='word_1_208' title='bbox 1097 2711 1183 2778; x_wconf 88' lang='lat' dir='ltr'>quae</span> <span class='ocrx_word' id='word_1_209' title='bbox 1207 2691 1243 2759; x_wconf 86' lang='lat' dir='ltr'>in</span> 
     </span>
     <span class='ocr_line' id='line_1_27' title="bbox 79 2779 1242 2868; baseline 0.005 -26"><span class='ocrx_word' id='word_1_210' title='bbox 79 2779 174 2846; x_wconf 85' lang='lat' dir='ltr'>libris</span> <span class='ocrx_word' id='word_1_211' title='bbox 205 2781 397 2847; x_wconf 81' lang='lat' dir='ltr'>inferiorum</span> <span class='ocrx_word' id='word_1_212' title='bbox 436 2793 580 2846; x_wconf 88' lang='lat' dir='ltr'>aetatum</span> <span class='ocrx_word' id='word_1_213' title='bbox 618 2783 753 2868; x_wconf 89' lang='lat' dir='ltr'>reperiri</span> <span class='ocrx_word' id='word_1_214' title='bbox 792 2783 911 2866; x_wconf 88' lang='lat' dir='ltr'>solent,</span> <span class='ocrx_word' id='word_1_215' title='bbox 948 2803 1066 2866; x_wconf 74' lang='lat' dir='ltr'>genere</span> <span class='ocrx_word' id='word_1_216' title='bbox 1102 2781 1242 2849; x_wconf 85' lang='lat' dir='ltr'>infectos</span> 
     </span>
     <span class='ocr_line' id='line_1_28' title="bbox 79 2871 1243 2958; baseline 0.006 -27"><span class='ocrx_word' id='word_1_217' title='bbox 79 2891 151 2934; x_wconf 85' lang='lat' dir='ltr'>esse</span> <span class='ocrx_word' id='word_1_218' title='bbox 181 2875 278 2957; x_wconf 86' lang='lat' dir='ltr'>atque</span> <span class='ocrx_word' id='word_1_219' title='bbox 306 2893 395 2944; x_wconf 80' lang='lat' dir='ltr'>enm.</span> <span class='ocrx_word' id='word_1_220' title='bbox 422 2872 478 2958; x_wconf 91' lang='lat' dir='ltr'>qui</span> <span class='ocrx_word' id='word_1_221' title='bbox 507 2877 633 2937; x_wconf 84' lang='lat' dir='ltr'>textum</span> <span class='ocrx_word' id='word_1_222' title='bbox 662 2871 785 2956; x_wconf 84' lang='lat' dir='ltr'>operis,</span> <span class='ocrx_word' id='word_1_223' title='bbox 813 2871 853 2936; x_wconf 91' lang='lat' dir='ltr'>de</span> <span class='ocrx_word' id='word_1_224' title='bbox 876 2893 941 2957; x_wconf 69' lang='lat' dir='ltr'>cluo</span> <span class='ocrx_word' id='word_1_225' title='bbox 964 2871 1166 2958; x_wconf 80' lang='lat' dir='ltr'>quaerimus,</span> <span class='ocrx_word' id='word_1_226' title='bbox 1193 2893 1243 2938; x_wconf 88' lang='lat' dir='ltr'>re-</span> 
     </span>
     <span class='ocr_line' id='line_1_29' title="bbox 79 2961 1242 3047; baseline 0.005 -25"><span class='ocrx_word' id='word_1_227' title='bbox 79 2961 272 3038; x_wconf 64' lang='lat' dir='ltr'>cogniturus</span> <span class='ocrx_word' id='word_1_228' title='bbox 292 2969 353 3029; x_wconf 84' lang='lat' dir='ltr'>est.</span> <span class='ocrx_word' id='word_1_229' title='bbox 376 2967 533 3047; x_wconf 79' lang='lat' dir='ltr'>tanrpram</span> <span class='ocrx_word' id='word_1_230' title='bbox 554 2961 714 3028; x_wconf 73' lang='lat' dir='ltr'>&#39;incedere</span> <span class='ocrx_word' id='word_1_231' title='bbox 735 2985 794 3046; x_wconf 88' lang='lat' dir='ltr'>per</span> <span class='ocrx_word' id='word_1_232' title='bbox 812 2961 906 3044; x_wconf 63' lang='lat' dir='ltr'>ignes</span> <span class='ocrx_word' id='word_1_233' title='bbox 931 2963 1121 3046; x_wconf 87' lang='lat' dir='ltr'>suppositos</span> <span class='ocrx_word' id='word_1_234' title='bbox 1141 2961 1242 3029; x_wconf 82' lang='lat' dir='ltr'>cineri</span> 
     </span>
     <span class='ocr_line' id='line_1_30' title="bbox 79 3049 1244 3136; baseline 0.006 -25"><span class='ocrx_word' id='word_1_235' title='bbox 79 3049 217 3116; x_wconf 89' lang='lat' dir='ltr'>doloso&#39;.</span> <span class='ocrx_word' id='word_1_236' title='bbox 271 3049 341 3116; x_wconf 73' lang='lat' dir='ltr'>Nee</span> <span class='ocrx_word' id='word_1_237' title='bbox 374 3058 484 3116; x_wconf 87' lang='lat' dir='ltr'>tamen</span> <span class='ocrx_word' id='word_1_238' title='bbox 517 3051 556 3116; x_wconf 89' lang='lat' dir='ltr'>de</span> <span class='ocrx_word' id='word_1_239' title='bbox 589 3073 664 3116; x_wconf 81' lang='lat' dir='ltr'>tera</span> <span class='ocrx_word' id='word_1_240' title='bbox 699 3073 797 3117; x_wconf 91' lang='lat' dir='ltr'>maun</span> <span class='ocrx_word' id='word_1_241' title='bbox 836 3053 1007 3136; x_wconf 87' lang='lat' dir='ltr'>scriptoris</span> <span class='ocrx_word' id='word_1_242' title='bbox 1039 3049 1244 3118; x_wconf 81' lang='lat' dir='ltr'>restituenda</span> 
     </span>
     <span class='ocr_line' id='line_1_31' title="bbox 79 3139 1244 3228; baseline 0.003 -24"><span class='ocrx_word' id='word_1_243' title='bbox 79 3139 318 3226; x_wconf 86' lang='lat' dir='ltr'>desperandum</span> <span class='ocrx_word' id='word_1_244' title='bbox 341 3145 392 3206; x_wconf 87' lang='lat' dir='ltr'>est</span> <span class='ocrx_word' id='word_1_245' title='bbox 413 3141 509 3226; x_wconf 89' lang='lat' dir='ltr'>idque</span> <span class='ocrx_word' id='word_1_246' title='bbox 533 3140 572 3205; x_wconf 89' lang='lat' dir='ltr'>de</span> <span class='ocrx_word' id='word_1_247' title='bbox 595 3142 702 3206; x_wconf 88' lang='lat' dir='ltr'>tribus</span> <span class='ocrx_word' id='word_1_248' title='bbox 723 3141 930 3226; x_wconf 83' lang='lat' dir='ltr'>potissimum</span> <span class='ocrx_word' id='word_1_249' title='bbox 954 3141 1077 3208; x_wconf 86' lang='lat' dir='ltr'>causis:</span> <span class='ocrx_word' id='word_1_250' title='bbox 1099 3141 1244 3228; x_wconf 84' lang='lat' dir='ltr'>primum</span> 
     </span>
     <span class='ocr_line' id='line_1_32' title="bbox 79 3229 1243 3318; baseline 0.003 -24"><span class='ocrx_word' id='word_1_251' title='bbox 79 3231 113 3296; x_wconf 87' lang='lat' dir='ltr'>in</span> <span class='ocrx_word' id='word_1_252' title='bbox 142 3231 216 3316; x_wconf 88' lang='lat' dir='ltr'>ipsa</span> <span class='ocrx_word' id='word_1_253' title='bbox 248 3235 421 3318; x_wconf 75' lang='lat' dir='ltr'>corruptae</span> <span class='ocrx_word' id='word_1_254' title='bbox 453 3229 602 3298; x_wconf 85' lang='lat' dir='ltr'>codicum</span> <span class='ocrx_word' id='word_1_255' title='bbox 635 3230 835 3298; x_wconf 84' lang='lat' dir='ltr'>condicionis</span> <span class='ocrx_word' id='word_1_256' title='bbox 864 3231 1051 3318; x_wconf 76' lang='lat' dir='ltr'>cognitione</span> <span class='ocrx_word' id='word_1_257' title='bbox 1082 3236 1117 3296; x_wconf 83' lang='lat' dir='ltr'>et</span> <span class='ocrx_word' id='word_1_258' title='bbox 1145 3231 1243 3298; x_wconf 77' lang='lat' dir='ltr'>aesti-</span> 
     </span>
     <span class='ocr_line' id='line_1_33' title="bbox 81 3319 1244 3406; baseline 0.002 -22"><span class='ocrx_word' id='word_1_259' title='bbox 81 3321 239 3390; x_wconf 85' lang='lat' dir='ltr'>matione.</span> <span class='ocrx_word' id='word_1_260' title='bbox 262 3321 359 3388; x_wconf 91' lang='lat' dir='ltr'>modo</span> <span class='ocrx_word' id='word_1_261' title='bbox 383 3321 428 3386; x_wconf 89' lang='lat' dir='ltr'>sit</span> <span class='ocrx_word' id='word_1_262' title='bbox 451 3319 591 3402; x_wconf 61' lang='lat' dir='ltr'>diligens</span> <span class='ocrx_word' id='word_1_263' title='bbox 616 3327 649 3386; x_wconf 86' lang='lat' dir='ltr'>et</span> <span class='ocrx_word' id='word_1_264' title='bbox 672 3327 838 3393; x_wconf 82' lang='lat' dir='ltr'>accurata,</span> <span class='ocrx_word' id='word_1_265' title='bbox 862 3321 948 3388; x_wconf 90' lang='lat' dir='ltr'>inest</span> <span class='ocrx_word' id='word_1_266' title='bbox 966 3321 1098 3387; x_wconf 87' lang='lat' dir='ltr'>initium</span> <span class='ocrx_word' id='word_1_267' title='bbox 1116 3319 1244 3406; x_wconf 79' lang='lat' dir='ltr'>salutis,</span> 
     </span>
     <span class='ocr_line' id='line_1_34' title="bbox 80 3409 1243 3498; baseline 0.007 -30"><span class='ocrx_word' id='word_1_268' title='bbox 80 3411 165 3494; x_wconf 79' lang='lat' dir='ltr'>qnod</span> <span class='ocrx_word' id='word_1_269' title='bbox 185 3409 300 3476; x_wconf 86' lang='lat' dir='ltr'>doecre</span> <span class='ocrx_word' id='word_1_270' title='bbox 319 3411 461 3478; x_wconf 85' lang='lat' dir='ltr'>maxime</span> <span class='ocrx_word' id='word_1_271' title='bbox 480 3411 685 3496; x_wconf 82' lang='lat' dir='ltr'>propositum</span> <span class='ocrx_word' id='word_1_272' title='bbox 702 3409 754 3475; x_wconf 80' lang='lat' dir='ltr'>bis</span> <span class='ocrx_word' id='word_1_273' title='bbox 770 3411 1011 3498; x_wconf 72' lang='lat' dir='ltr'>prolegomenis</span> <span class='ocrx_word' id='word_1_274' title='bbox 1031 3410 1108 3496; x_wconf 80' lang='lat' dir='ltr'>iuit;</span> <span class='ocrx_word' id='word_1_275' title='bbox 1127 3409 1243 3478; x_wconf 87' lang='lat' dir='ltr'>deinde</span> 
     </span>
     <span class='ocr_line' id='line_1_35' title="bbox 80 3500 1243 3586; baseline 0.003 -22"><span class='ocrx_word' id='word_1_276' title='bbox 80 3501 220 3566; x_wconf 85' lang='lat' dir='ltr'>multum</span> <span class='ocrx_word' id='word_1_277' title='bbox 245 3501 371 3566; x_wconf 82' lang='lat' dir='ltr'>confert</span> <span class='ocrx_word' id='word_1_278' title='bbox 394 3500 435 3566; x_wconf 88' lang='lat' dir='ltr'>ad</span> <span class='ocrx_word' id='word_1_279' title='bbox 458 3501 548 3566; x_wconf 89' lang='lat' dir='ltr'>locos</span> <span class='ocrx_word' id='word_1_280' title='bbox 573 3501 768 3586; x_wconf 77' lang='lat' dir='ltr'>depravatos</span> <span class='ocrx_word' id='word_1_281' title='bbox 794 3501 956 3566; x_wconf 85' lang='lat' dir='ltr'>sanandos</span> <span class='ocrx_word' id='word_1_282' title='bbox 981 3501 1155 3584; x_wconf 86' lang='lat' dir='ltr'>sermonis,</span> <span class='ocrx_word' id='word_1_283' title='bbox 1177 3521 1243 3586; x_wconf 87' lang='lat' dir='ltr'>quo</span> 
     </span>
     <span class='ocr_line' id='line_1_36' title="bbox 81 3589 1242 3676; baseline 0.005 -26"><span class='ocrx_word' id='word_1_284' title='bbox 81 3613 158 3656; x_wconf 78' lang='lat' dir='ltr'>usus</span> <span class='ocrx_word' id='word_1_285' title='bbox 183 3595 234 3656; x_wconf 86' lang='lat' dir='ltr'>est</span> <span class='ocrx_word' id='word_1_286' title='bbox 257 3589 415 3661; x_wconf 82' lang='lat' dir='ltr'>Galenus.</span> <span class='ocrx_word' id='word_1_287' title='bbox 442 3591 645 3672; x_wconf 80' lang='lat' dir='ltr'>obseruatio,</span> <span class='ocrx_word' id='word_1_288' title='bbox 673 3613 771 3676; x_wconf 68' lang='lat' dir='ltr'>(paam</span> <span class='ocrx_word' id='word_1_289' title='bbox 800 3589 841 3656; x_wconf 89' lang='lat' dir='ltr'>ad</span> <span class='ocrx_word' id='word_1_290' title='bbox 865 3589 1130 3658; x_wconf 88' lang='lat' dir='ltr'>emendationum</span> <span class='ocrx_word' id='word_1_291' title='bbox 1159 3591 1242 3656; x_wconf 80' lang='lat' dir='ltr'>veri·</span> 
     </span>
     <span class='ocr_line' id='line_1_37' title="bbox 81 3679 1244 3767; baseline 0.002 -23"><span class='ocrx_word' id='word_1_292' title='bbox 81 3695 184 3747; x_wconf 91' lang='lat' dir='ltr'>tatem</span> <span class='ocrx_word' id='word_1_293' title='bbox 212 3679 468 3748; x_wconf 86' lang='lat' dir='ltr'>confirmandam</span> <span class='ocrx_word' id='word_1_294' title='bbox 497 3692 530 3746; x_wconf 91' lang='lat' dir='ltr'>et</span> <span class='ocrx_word' id='word_1_295' title='bbox 558 3681 592 3746; x_wconf 89' lang='lat' dir='ltr'>in</span> <span class='ocrx_word' id='word_1_296' title='bbox 620 3679 682 3746; x_wconf 91' lang='lat' dir='ltr'>hoo</span> <span class='ocrx_word' id='word_1_297' title='bbox 709 3681 823 3748; x_wconf 89' lang='lat' dir='ltr'>libello</span> <span class='ocrx_word' id='word_1_298' title='bbox 853 3703 953 3767; x_wconf 85' lang='lat' dir='ltr'>saepo</span> <span class='ocrx_word' id='word_1_299' title='bbox 977 3679 1187 3746; x_wconf 87' lang='lat' dir='ltr'>adhibuimus</span> <span class='ocrx_word' id='word_1_300' title='bbox 1210 3685 1244 3746; x_wconf 85' lang='lat' dir='ltr'>et</span> 
     </span>
     <span class='ocr_line' id='line_1_38' title="bbox 80 3769 1276 3856; baseline -0.001 -19"><span class='ocrx_word' id='word_1_301' title='bbox 80 3773 112 3838; x_wconf 88' lang='lat' dir='ltr'>iu</span> <span class='ocrx_word' id='word_1_302' title='bbox 151 3771 396 3836; x_wconf 86' lang='lat' dir='ltr'>commentariis</span> <span class='ocrx_word' id='word_1_303' title='bbox 434 3771 565 3856; x_wconf 87' lang='lat' dir='ltr'>saepius</span> <span class='ocrx_word' id='word_1_304' title='bbox 598 3769 837 3836; x_wconf 86' lang='lat' dir='ltr'>adhibebimus.</span> <span class='ocrx_word' id='word_1_305' title='bbox 893 3773 941 3836; x_wconf 77' lang='lat' dir='ltr'>nt</span> <span class='ocrx_word' id='word_1_306' title='bbox 971 3793 1023 3836; x_wconf 89' lang='lat' dir='ltr'>res</span> <span class='ocrx_word' id='word_1_307' title='bbox 1057 3769 1243 3836; x_wconf 89' lang='lat' dir='ltr'>cantionem</span> <span class='ocrx_word' id='word_1_308' title='bbox 1273 3836 1276 3842; x_wconf 86' lang='grc'><em>,</em></span> 
     </span>
     <span class='ocr_line' id='line_1_39' title="bbox 81 3859 1242 3946; baseline 0.003 -24"><span class='ocrx_word' id='word_1_309' title='bbox 81 3861 245 3946; x_wconf 60' lang='lat' dir='ltr'>eluendam</span> <span class='ocrx_word' id='word_1_310' title='bbox 269 3859 378 3928; x_wconf 85' lang='lat' dir='ltr'>habet</span> <span class='ocrx_word' id='word_1_311' title='bbox 427 3859 593 3926; x_wconf 83' lang='lat' dir='ltr'>Nimirum</span> <span class='ocrx_word' id='word_1_312' title='bbox 622 3860 749 3940; x_wconf 64' lang='lat' dir='ltr'>largum</span> <span class='ocrx_word' id='word_1_313' title='bbox 777 3859 908 3946; x_wconf 91' lang='lat' dir='ltr'>quidem</span> <span class='ocrx_word' id='word_1_314' title='bbox 934 3859 1108 3926; x_wconf 82' lang='lat' dir='ltr'>materiam</span> <span class='ocrx_word' id='word_1_315' title='bbox 1130 3859 1242 3927; x_wconf 82' lang='lat' dir='ltr'>obser·</span> 
     </span>
     <span class='ocr_line' id='line_1_40' title="bbox 82 3949 1253 4032; baseline 0.002 -20"><span class='ocrx_word' id='word_1_316' title='bbox 82 3953 250 4018; x_wconf 78' lang='lat' dir='ltr'>rationum</span> <span class='ocrx_word' id='word_1_317' title='bbox 278 3973 345 4018; x_wconf 91' lang='lat' dir='ltr'>non</span> <span class='ocrx_word' id='word_1_318' title='bbox 373 3950 478 4016; x_wconf 87' lang='lat' dir='ltr'>solum</span> <span class='ocrx_word' id='word_1_319' title='bbox 509 3951 587 4016; x_wconf 87' lang='lat' dir='ltr'>libri</span> <span class='ocrx_word' id='word_1_320' title='bbox 611 3951 650 4015; x_wconf 91' lang='lat' dir='ltr'>de</span> <span class='ocrx_word' id='word_1_321' title='bbox 676 3950 824 4032; x_wconf 86' lang='lat' dir='ltr'>Placitis,</span> <span class='ocrx_word' id='word_1_322' title='bbox 852 3951 907 4016; x_wconf 88' lang='lat' dir='ltr'>sed</span> <span class='ocrx_word' id='word_1_323' title='bbox 936 3961 1119 4016; x_wconf 89' lang='lat' dir='ltr'>ceterorum</span> <span class='ocrx_word' id='word_1_324' title='bbox 1142 3949 1253 4027; x_wconf 38' lang='lat' dir='ltr'>etiam,</span> 
     </span>
     <span class='ocr_line' id='line_1_41' title="bbox 81 4037 1244 4128; baseline 0.002 -25"><span class='ocrx_word' id='word_1_325' title='bbox 81 4063 232 4126; x_wconf 81' lang='lat' dir='ltr'>operum,</span> <span class='ocrx_word' id='word_1_326' title='bbox 249 4063 333 4128; x_wconf 87' lang='lat' dir='ltr'>qaae</span> <span class='ocrx_word' id='word_1_327' title='bbox 353 4045 494 4106; x_wconf 86' lang='lat' dir='ltr'>aetatem</span> <span class='ocrx_word' id='word_1_328' title='bbox 514 4039 673 4108; x_wconf 88' lang='lat' dir='ltr'>tulerunt.</span> <span class='ocrx_word' id='word_1_329' title='bbox 697 4039 874 4106; x_wconf 87' lang='lat' dir='ltr'>multitudo</span> <span class='ocrx_word' id='word_1_330' title='bbox 893 4040 1038 4126; x_wconf 85' lang='lat' dir='ltr'>praebet,</span> <span class='ocrx_word' id='word_1_331' title='bbox 1057 4037 1113 4104; x_wconf 85' lang='lat' dir='ltr'>sed</span> <span class='ocrx_word' id='word_1_332' title='bbox 1132 4045 1244 4105; x_wconf 82' lang='lat' dir='ltr'>tamen</span> 
     </span>
     <span class='ocr_line' id='line_1_42' title="bbox 81 4129 1243 4216; baseline 0.002 -24"><span class='ocrx_word' id='word_1_333' title='bbox 81 4133 158 4214; x_wconf 75' lang='lat' dir='ltr'>quia</span> <span class='ocrx_word' id='word_1_334' title='bbox 185 4131 224 4196; x_wconf 88' lang='lat' dir='ltr'>de</span> <span class='ocrx_word' id='word_1_335' title='bbox 253 4131 371 4198; x_wconf 91' lang='lat' dir='ltr'>horum</span> <span class='ocrx_word' id='word_1_336' title='bbox 399 4130 563 4216; x_wconf 85' lang='lat' dir='ltr'>plerisque</span> <span class='ocrx_word' id='word_1_337' title='bbox 587 4142 724 4216; x_wconf 89' lang='lat' dir='ltr'>propter</span> <span class='ocrx_word' id='word_1_338' title='bbox 746 4129 926 4196; x_wconf 87' lang='lat' dir='ltr'>editionum</span> <span class='ocrx_word' id='word_1_339' title='bbox 955 4131 994 4194; x_wconf 89' lang='lat' dir='ltr'>ad</span> <span class='ocrx_word' id='word_1_340' title='bbox 1019 4129 1169 4194; x_wconf 86' lang='lat' dir='ltr'>criticam</span> <span class='ocrx_word' id='word_1_341' title='bbox 1192 4149 1243 4194; x_wconf 84' lang='lat' dir='ltr'>ra·</span> 
     </span>
     <span class='ocr_line' id='line_1_43' title="bbox 81 4217 1243 4304; baseline 0 -20"><span class='ocrx_word' id='word_1_342' title='bbox 81 4223 204 4288; x_wconf 88' lang='lat' dir='ltr'>tionem</span> <span class='ocrx_word' id='word_1_343' title='bbox 228 4221 456 4288; x_wconf 88' lang='lat' dir='ltr'>institutarum</span> <span class='ocrx_word' id='word_1_344' title='bbox 479 4222 649 4304; x_wconf 85' lang='lat' dir='ltr'>penuriam</span> <span class='ocrx_word' id='word_1_345' title='bbox 679 4221 777 4286; x_wconf 84' lang='lat' dir='ltr'>lectio</span> <span class='ocrx_word' id='word_1_346' title='bbox 803 4241 868 4286; x_wconf 93' lang='lat' dir='ltr'>nou</span> <span class='ocrx_word' id='word_1_347' title='bbox 891 4225 1036 4304; x_wconf 88' lang='lat' dir='ltr'>constat,</span> <span class='ocrx_word' id='word_1_348' title='bbox 1064 4241 1102 4284; x_wconf 88' lang='lat' dir='ltr'>ea</span> <span class='ocrx_word' id='word_1_349' title='bbox 1126 4217 1243 4284; x_wconf 77' lang='lat' dir='ltr'>Gelani</span> 
     </span>
     <span class='ocr_line' id='line_1_44' title="bbox 81 4307 1243 4396; baseline -0.001 -22"><span class='ocrx_word' id='word_1_350' title='bbox 81 4311 349 4377; x_wconf 84' lang='lat' dir='ltr'>consuetudinem</span> <span class='ocrx_word' id='word_1_351' title='bbox 377 4311 566 4376; x_wconf 77' lang='lat' dir='ltr'>observanti</span> <span class='ocrx_word' id='word_1_352' title='bbox 594 4311 784 4394; x_wconf 86' lang='lat' dir='ltr'>neutiquam</span> <span class='ocrx_word' id='word_1_353' title='bbox 809 4317 878 4374; x_wconf 86' lang='lat' dir='ltr'>tant</span> <span class='ocrx_word' id='word_1_354' title='bbox 905 4315 1029 4374; x_wconf 87' lang='lat' dir='ltr'>eertum</span> <span class='ocrx_word' id='word_1_355' title='bbox 1049 4329 1146 4396; x_wconf 84' lang='lat' dir='ltr'>quam</span> <span class='ocrx_word' id='word_1_356' title='bbox 1169 4307 1243 4394; x_wconf 80' lang='lat' dir='ltr'>quia</span> 
     </span>
     <span class='ocr_line' id='line_1_45' title="bbox 81 4398 1304 4488; baseline -0.002 -23"><span class='ocrx_word' id='word_1_357' title='bbox 81 4401 234 4486; x_wconf 87' lang='lat' dir='ltr'>opinetur</span> <span class='ocrx_word' id='word_1_358' title='bbox 252 4399 514 4486; x_wconf 82' lang='lat' dir='ltr'>tundamentum,</span> <span class='ocrx_word' id='word_1_359' title='bbox 537 4421 602 4488; x_wconf 93' lang='lat' dir='ltr'>quo</span> <span class='ocrx_word' id='word_1_360' title='bbox 620 4401 746 4467; x_wconf 85' lang='lat' dir='ltr'>nitatur</span> <span class='ocrx_word' id='word_1_361' title='bbox 763 4399 911 4466; x_wconf 86' lang='lat' dir='ltr'>locorum</span> <span class='ocrx_word' id='word_1_362' title='bbox 930 4398 1130 4484; x_wconf 85' lang='lat' dir='ltr'>emendatio,</span> <span class='ocrx_word' id='word_1_363' title='bbox 1151 4417 1244 4484; x_wconf 77' lang='lat' dir='ltr'>prte-</span> <span class='ocrx_word' id='word_1_364' title='bbox 1292 4429 1304 4444; x_wconf 90' lang='lat'><strong>·</strong></span> 
     </span>
    </p>
   </div>
   <div class='ocr_carea' id='block_1_3' title="bbox 134 4523 1026 4580">
    <p class='ocr_par' dir='ltr' id='par_1_4' title="bbox 134 4523 1026 4580">
     <span class='ocr_line' id='line_1_46' title="bbox 134 4523 1026 4580; baseline -0.002 -12"><span class='ocrx_word' id='word_1_365' title='bbox 134 4525 217 4568; x_wconf 68' lang='lat' dir='ltr'>octat</span> <span class='ocrx_word' id='word_1_366' title='bbox 230 4527 259 4568; x_wconf 66' lang='lat' dir='ltr'>b</span> <span class='ocrx_word' id='word_1_367' title='bbox 274 4525 335 4568; x_wconf 69' lang='lat' dir='ltr'>Plu.</span> <span class='ocrx_word' id='word_1_368' title='bbox 350 4525 408 4568; x_wconf 70' lang='lat' dir='ltr'>Uet</span> <span class='ocrx_word' id='word_1_369' title='bbox 421 4531 444 4566; x_wconf 83' lang='lat' dir='ltr'>et</span> <span class='ocrx_word' id='word_1_370' title='bbox 459 4525 568 4576; x_wconf 68' lang='lat' dir='ltr'>ttrppoea.</span> <span class='ocrx_word' id='word_1_371' title='bbox 582 4523 644 4568; x_wconf 74' lang='lat' dir='ltr'>ruat</span> <span class='ocrx_word' id='word_1_372' title='bbox 1009 4527 1026 4580; x_wconf 71' lang='grc'>9</span> 
     </span>
    </p>
   </div>
   <div class='ocr_carea' id='block_1_4' title="bbox 0 0 1535 5036">
    <p class='ocr_par' dir='ltr' id='par_1_5' title="bbox 0 0 1535 5036">
     <span class='ocr_line' id='line_1_47' title="bbox 0 0 1535 5036; baseline 0 0"><span class='ocrx_word' id='word_1_373' title='bbox 0 0 1535 5036; x_wconf 95' lang='lat' dir='ltr'> </span> 
     </span>
    </p>
   </div>
  </div>
 </body>
</html>
