2994 5024
658 295 711 358 ’-
759 311 826 376 τοο

213 473 277 540 νῦν
305 475 351 540 ἔτι
381 471 454 560 περὶ
484 467 598 540 αὐτῶν
626 466 858 559 άναμνήσαιτι
887 477 1061 557 περαίνειν
1088 469 1178 540 οὕτω
1209 470 1275 540 τὸν
1301 469 1384 541 τ’νπό-

210 589 332 651 λοιπον
358 578 472 667 λόγον.
524 581 681 668 τέτταρας
717 585 835 666 ἔλεγον
862 578 949 648 εἶναι
981 578 1040 660 τὰς
1070 578 1179 662 πάσας
1207 581 1385 672 διαφοράς

150 729 155 734 -
209 693 279 759 τῶν
306 688 500 777 λημμάτων·
535 693 608 758 ἔνια
634 688 698 776 μὲν
726 687 790 776 γάρ
818 685 932 758 αὐτῶν
959 687 1024 760 άπὸ
1052 693 1121 758 τόν
1153 688 1384 782 ὑπαρχόντων

210 801 255 890 τῷ
282 803 391 888 μορίῳ
419 796 650 885 λαμβάνεσθαι
679 796 762 866 κατὰ
792 797 856 886 τὴν
885 801 947 866 τοῦ
974 798 1210 886 προβλήματος
1241 799 1383 875 οὐσίαν.

176 911 284 975 οὲνια
308 905 345 974 di
373 902 438 974 άπὸ
462 908 531 974 τῶν
556 901 778 994 ὑπαρχόντων
801 909 879 995 μέν,
907 901 949 976 od
977 905 1046 994 μὴν
1074 907 1158 976 κατὰ
1186 907 1224 977 τὸ
1254 918 1382 998 προβε-

210 1015 381 1103 βλημένον
417 1039 452 1082 τε
489 1013 542 1081 καὶ
578 1012 800 1100 ζητούμενον,
835 1015 930 1102 ἕτερα
968 1014 1004 1082 dt
1038 1011 1103 1084 άπὸ
1142 1019 1211 1084 τῶν
1245 1023 1383 1100 ἔξωθεν

210 1121 403 1212 μαρτύρων,
426 1120 510 1208 πρὸς
532 1121 665 1202 τούτοις
688 1122 724 1190 di
749 1124 803 1190 καὶ
827 1120 865 1191 τὸ
890 1125 1049 1210 τέταρτον
1072 1127 1141 1192 τόν
1164 1131 1383 1211 σοφιστικῶν

209 1229 392 1320 λημμάτων
419 1245 490 1310 τοῖς
516 1233 575 1317 τῆς
602 1231 720 1312 λέξεως
747 1231 892 1320 σχήμασι
921 1230 1005 1319 πρὸς
1031 1229 1243 1320 ἀμφιβολίαν
1273 1261 1382 1303 πεπα-

211 1340 454 1429 νουργημένον.
500 1334 562 1406 οὐκ
589 1334 687 1424 ὀλίγα
716 1340 752 1409 di
782 1346 911 1428 ἔγραψα
934 1345 1203 1430 παραδείγματα,
1231 1338 1296 1428 ἀφ’
1329 1335 1381 1412 τόν

170 1473 194 1509 u·
208 1449 351 1517 ἕκαστον
373 1450 442 1515 τόν
464 1445 647 1535 λημμάτων
671 1448 901 1536 έφευρίσιιιται
925 1450 1038 1536 γένος,
1062 1445 1147 1516 αὐτὰ
1170 1445 1211 1516 τά
1240 1449 1380 1539 ῥήματα

208 1563 278 1629 τόν
305 1561 488 1649 χρωμένων
521 1555 652 1638 αὐτοῖς’
667 1560 919 1646 προτιθέμενος.
969 1557 1023 1625 καί
1058 1555 1100 1644 ὀὴ
1135 1553 1216 1637 τοὺς
1248 1557 1379 1645 λόγου,1

209 1666 323 1738 αὐτόν
358 1666 556 1756 ἀνατρέπων
597 1671 721 1747 ίκανῶς
756 1667 890 1754 βέλτιον
927 1663 1087 1752 έγντόκτιν
1124 1667 1162 1732 έν
1197 1661 1290 1758 αὐτῷ
1330 1671 1378 1759 τῷ

208 1783 309 1868 τρίτῳ
332 1776 499 1867 γράμματι
523 1775 584 1845 τόν
607 1803 641 1844 τε
665 1771 817 1864 άριθμὸν
843 1775 896 1842 καί
927 1771 984 1854 τὰς
1008 1771 1126 1854 οὐσίας
1149 1777 1218 1842 τῶν
1241 1771 1379 1860 άρετοίν

138 1903 193 1958 Ν
210 1885 396 1956 διδάσκειν·
426 1887 431 1976 Ι
465 1883 547 1954 κατά
577 1884 614 1952 δὲ
641 1882 704 1952 τὸν
730 1879 837 1952 αὐτὸν
863 1882 991 1970 τρόπον
1019 1883 1192 1970 ἐπέρχεταί
1215 1909 1274 1968 μοι
1304 1888 1377 1953 τῶν

171 2013 194 2052 1³
208 1992 338 2082 άρετόν
360 1993 632 2082 μνημονεύσαντι
656 1994 766 2080 λέγειν
789 1991 850 2060 τὸν
869 1989 1020 2078 άριθμὸν
1042 1991 1096 2057 καί
1120 1989 1180 2070 τὰς
1203 1991 1377 2079 διαφορὰς

208 2106 277 2172 τῶν
299 2101 575 2191 συμβεβηκότων·
600 2108 660 2170 καί
678 2108 729 2180 τίς
751 2127 788 2187 γε
807 2104 876 2170 τόν
899 2097 1174 2186 ἐπιφανεστάτων
1197 2104 1376 2186 σοφιστῶν

211 2270 426 2279 ο--ι-ο---ς

244 2383 261 2428 3
287 2377 354 2447 post
376 2367 434 2429 άπό
460 2371 515 2428 τόν
538 2367 727 2443 ὑπαρχόντων
750 2371 779 2427 in
800 2371 821 2426 ir
846 2371 974 2441 sequitur
997 2389 1084 2426 unum
1104 2370 1152 2426 ful.
1178 2389 1316 2438 vacuum
1337 2373 1373 2429 ci.

208 2447 293 2503 Pron.
313 2465 360 2517 pp.
381 2453 414 2500 ’λζ’
435 2450 464 2502 et
483 2453 525 2500 73.
547 2477 579 2486 -
600 2453 614 2502 7
635 2445 770 2512 τέταρτον
789 2439 847 2500 άπὸ
868 2445 924 2497 τόν
942 2443 1022 2498 codd.
1038 2443 1101 2498 edd.
1122 2463 1144 2497 τ.
1166 2444 1222 2498 τῶν
1241 2462 1310 2512 nou
1336 2447 1375 2500 ci.

208 2518 293 2576 Proll.
312 2536 340 2590 p.
357 2525 416 2574 113.
437 2549 470 2560 ·-
497 2526 526 2573 11
547 2518 743 2586 προτιθέμινα
762 2518 798 2572 M.
819 2547 852 2556 —
883 2523 914 2570 14
934 2510 1107 2585 ἐπέρχεσθαι
1128 2515 1166 2572 M.
1185 2547 1220 2558 -
1247 2525 1281 2572 15
1300 2537 1373 2588 prp-

207 2586 379 2663 μονεόσαντι
397 2585 430 2645 τό
449 2589 543 2661 λέγειν
561 2590 642 2646 codd.
661 2589 724 2646 edd.
743 2610 789 2660 μν.
809 2587 902 2659 λέγειν
921 2604 981 2644 uos.
1001 2617 1034 2628 -

211 2759 424 2768 κῇ...-

208 2867 395 2932 etiamnunc
419 2865 458 2931 de
482 2864 597 2930 iisdem
622 2863 823 2931 mentionem
847 2863 967 2948 fucere,
995 2863 1185 2950 priusquam
1209 2862 1371 2952 reliquam

207 2974 441 3062 disputationis
477 2977 605 3059 partem
649 2973 869 3040 absolvamus.
929 2972 1079 3049 Quutuor
1114 2969 1260 3038 dixeram
1299 2997 1371 3040 esse

208 3083 341 3151 omnino
370 3105 491 3170 genera
515 3083 729 3168 sumtionuur3
764 3081 847 3146 alius
876 3082 917 3146 ab
942 3080 996 3164 iis,
1029 3103 1111 3164 quae
1140 3081 1290 3148 membro
1320 3083 1371 3149 iu·

208 3193 326 3276 esseut,
350 3191 435 3256 sumi
460 3213 476 3256 e
500 3190 670 3276 quaesitae
694 3191 741 3255 rei
766 3189 963 3276 substantiu3
989 3188 1071 3254 alius
1096 3187 1203 3254 abiis
1227 3189 1370 3274 quidem,

208 3319 290 3386 quae
314 3299 462 3364 membro
494 3299 652 3382 inessent,
684 3321 751 3364 nou
775 3303 885 3363 tamen
909 3319 926 3362 e
950 3319 984 3362 re
1013 3295 1184 3382 proposita
1206 3300 1371 3382 quaesitu-

207 3427 282 3493 que3
307 3406 508 3473 extrinsecus
533 3431 552 3474 a
575 3407 776 3473 testimoniis
801 3427 903 3492 genus
927 3405 1077 3487 tertium,
1101 3405 1255 3490 quartum
1280 3405 1368 3474 deui-

206 3537 269 3601 que
293 3535 364 3580 esse
387 3515 588 3581 sumtionnm
617 3514 872 3600 sophisticarum
899 3513 1014 3602 figuris
1043 3511 1170 3578 dicendi
1194 3512 1235 3578 ad
1264 3515 1370 3580 arubi-

206 3623 367 3710 guituteur
386 3623 477 3688 vafre
493 3622 738 3708 concinnatum
758 3645 817 3689 uec
834 3645 939 3708 pauca
953 3621 1193 3706 adscripserum
1208 3624 1369 3708 exemplu,

206 3731 291 3797 nude
315 3731 445 3818 siugulu
466 3733 665 3798 sumtionum
686 3753 807 3818 genera
831 3730 970 3797 inveniri
994 3733 1139 3814 possent,
1161 3730 1210 3794 ita
1235 3733 1272 3794 ut
1296 3731 1367 3817 ipsu

206 3839 308 3905 verbu
342 3861 470 3924 eorum,
503 3841 559 3926 qui
587 3839 639 3904 his
669 3845 851 3924 uterentur,
883 3843 1074 3925 proferrem.
1130 3837 1256 3914 Quibus
1286 3839 1368 3906 sutis

207 3969 376 4034 superque
396 3949 574 4014 confutatis
599 3949 661 4014 hue
684 3949 784 4014 tertio
814 3949 900 4014 libro
929 3947 994 4012 iaru
1020 3945 1124 4010 satius
1148 3945 1302 4012 duxeram
1328 3947 1367 4013 de

205 4077 343 4122 numero
368 4067 400 4120 et
424 4057 608 4122 substantia
629 4057 787 4122 virtutum
811 4055 926 4120 docere
951 4089 992 4102 -
1018 4053 1132 4118 eudem
1157 4055 1253 4136 purte
1277 4077 1367 4121 meu-

205 4165 296 4230 tiuue
329 4163 368 4228 de
401 4162 441 4227 iis
475 4164 560 4228 fur-tu
597 4164 686 4229 subit
723 4165 868 4228 animum
901 4163 1059 4227 disserere
1093 4160 1132 4226 de
1164 4183 1301 4228 numero
1334 4167 1368 4229 et

206 4270 399 4338 differentiis
428 4271 644 4336 recidentium
667 4307 725 4354 -‚
758 4293 831 4335 cunr
862 4267 993 4354 quidum
1021 4266 1172 4352 sophista
1199 4267 1367 4336 nubilissi-

206 4399 278 4442 mus
312 4373 394 4442 milri
426 4377 523 4462 dixit,
550 4399 632 4462 quae
662 4375 867 4463 Chrysippus
901 4375 1088 4462 scripsisset
1126 4376 1165 4440 de
1193 4399 1247 4464 eo,
1279 4377 1367 4466 quod
