2960 5032
675 381 900 448 ..54-

208 549 389 641 ταμένον,
412 551 549 616 ἔλαττον
567 541 604 612 δὲ
623 537 861 630 ἀμφοτέραν
882 537 925 608 τὸ
946 541 992 629 τῇ
1011 539 1156 628 καρδία
1174 537 1404 631 έμφυόμε-
1437 571 1446 580 ·

212 685 294 730 νον.
337 661 447 726 καίτοι
475 662 585 740 εἰπερ
616 659 676 738 εῖη
707 646 728 738 ἡ
757 651 880 734 καρδίαι
906 674 936 716 κ.
957 672 987 716 τ.
1009 653 1053 732 L,
1083 653 1170 736 quod
1200 653 1402 740 probabile

212 769 341 836 videtur
363 763 580 852 praeterhac
604 783 705 828 unum
728 759 814 846 quod
837 761 946 824 καίτοι
969 761 1061 842 εἰπερ
1089 765 1140 844 εῖη
1169 761 1284 844 edidit,
1315 786 1398 848 pro

212 899 277 965 quo
295 875 377 942 duce
395 873 507 940 codice
521 871 557 938 M
572 868 780 937 scribendum
795 871 847 932 est
863 867 973 931 καίτοι
992 857 1024 949 γ’
1041 871 1150 952 εἴπερ
1177 857 1231 954 ἦν.
1258 871 1293 936 Ρ.
1310 871 1396 937 534

213 984 275 1052 snb
298 982 353 1050 fin
376 980 412 1046 iu
430 977 490 1046 AB
510 981 587 1064 post
607 977 708 1042 verba
731 969 820 1041 ούτι
844 969 881 1040 δὲ
904 969 960 1038 καὶ
983 973 1021 1039 οἱ
1038 970 1077 1040 τὸ
1100 978 1246 1060 χολῶδες
1269 971 1398 1063 ύγρὸν

213 1085 430 1176 ἀθροίζοντες
452 1080 552 1168 πόροι
575 1079 697 1160 πάντες
719 1083 767 1160 εἰς
789 1080 828 1146 ἓν
853 1073 992 1165 ἀγγεῖον
1014 1075 1241 1169 ἀποφέρονται
1265 1087 1394 1152 racni-

214 1203 267 1265 tau
285 1195 388 1283 spatii
405 1193 578 1260 duodecim
596 1191 664 1256 fere
678 1191 865 1256 litterarum
880 1193 944 1272 est,
968 1196 1147 1276 sequuntur
1162 1193 1261 1258 rerba
1278 1189 1393 1278 ἥπατι

214 1301 334 1372 κύστιν
356 1299 519 1369 ἐντεῦθεν
542 1305 574 1366 ct
597 1303 713 1385 postea
734 1319 846 1362 rursus
866 1320 1006 1363 vacuum
1025 1299 1170 1385 spatium
1194 1301 1392 1386 etquidem

215 1411 437 1500 ‹liradraginta
464 1408 532 1474 fere
559 1408 759 1492 litterarum3
790 1405 927 1490 denique
956 1407 1055 1472 rerba
1082 1405 1236 1492 καθάπερ
1265 1411 1301 1474 οἱ
1330 1435 1393 1476 νε-

215 1517 298 1606 αροὶ
320 1515 358 1584 τὸ
384 1505 499 1602 οὖρον.
516 1515 551 1582 M
571 1515 683 1580 cadem
703 1513 812 1598 spatia
835 1535 938 1578 uacua
956 1513 1071 1598 habet,
1093 1515 1159 1582 nisi
1177 1517 1264 1603 quod
1281 1513 1391 1602 ἥπατι

218 1633 293 1695 autc
317 1621 436 1692 κύστιν
459 1623 580 1690 omisit.
627 1619 687 1688 Ch.
714 1621 762 1686 ita
791 1621 974 1686 orationem
1004 1625 1190 1690 truncatam
1219 1625 1392 1692 restituit:

215 1730 460 1820 ἀποφέρονται,
487 1725 560 1815 την
583 1727 842 1814 συνημμένην
865 1724 1052 1812 ὁηλονότι
1084 1725 1198 1815 ἥπατι
1222 1729 1391 1804 κύστιν,

217 1838 378 1908 ἐντεῦθέν
400 1863 438 1904 τε
462 1840 517 1915 εἰς
536 1834 607 1922 τὴν
628 1837 768 1922 νῆστιν
788 1835 1071 1920 ἐκπέμπουσιν,
1094 1835 1247 1922 καθάπερ
1266 1865 1295 1906 κ.
1308 1864 1337 1906 τ.
1355 1847 1390 1908 λ.

217 1951 306 2017 Bene
339 1969 563 2014 successuram
594 1945 696 2010 fuisse
727 1966 797 2009 rcm
830 1951 971 2013 statuas.
1006 1943 1034 2010 si
1064 1941 1126 2030 τὴν
1161 1947 1390 2034 συνημμένην

220 2054 317 2146 ἥπατι
341 2051 460 2122 κύστιν
484 2054 553 2118 sinc
577 2047 735 2138 δηλονότι
761 2052 958 2136 scripsisset.
989 2051 1025 2118 P.
1044 2053 1108 2120 549
1133 2055 1215 2120 rned.
1236 2056 1388 2122 Galenus

218 2167 258 2233 de
286 2163 502 2246 rncmbraniS,
530 2183 610 2246 quas
640 2172 782 2245 quatuor
809 2160 943 2225 orificiis
971 2160 1078 2226 cordis
1106 2161 1247 2228 insertas
1271 2163 1390 2230 Erasi-

219 2280 344 2341 stratus
368 2270 552 2338 accuratius
576 2269 810 2353 descripserat,
838 2291 1013 2353 earumque
1041 2268 1146 2334 forma
1177 2276 1208 2334 et
1232 2295 1292 2336 usu
1316 2271 1386 2337 dis-

220 2385 322 2469 putat.
370 2377 523 2464 Sequitur
551 2389 662 2442 antem
690 2375 779 2442 illius
808 2377 926 2441 medici
955 2375 1168 2443 Alexandrini
1197 2378 1386 2446 doctrinam

220 2489 282 2574 ita,
309 2492 346 2553 ut
369 2485 512 2571 primum
536 2485 745 2550 membranas
770 2484 969 2550 orificiorum
994 2506 1092 2549 carae
1115 2507 1217 2550 uenae
1242 2500 1273 2550 et
1299 2491 1387 2552 arte-

221 2597 289 2662 riae
313 2613 453 2660 renosac
478 2593 656 2676 describat,
684 2591 798 2656 deinde
823 2591 862 2655 dc
887 2592 1085 2657 membranis
1112 2593 1310 2677 orificiisque
1333 2615 1388 2658 cc-

222 2705 302 2770 tcris
327 2699 443 2790 (venae
468 2701 647 2766 arteriasue
671 2705 703 2764 et
729 2697 856 2785 aortae)
875 2699 1015 2766 disserat
1033 2697 1115 2788 (τῶν
1134 2693 1165 2764 d’
1179 2695 1291 2765 ἄλλων
1307 2718 1386 2767 στο-

222 2808 337 2898 μύτων
361 2804 503 2896 ἑκατέρῳ
526 2819 614 2890 τρεῖς
635 2801 752 2892 ύμένες
770 2805 857 2871 εἰσὶν
875 2803 1018 2885 ἅπαντες
1036 2807 1260 2895 σιμμοειὸεῑξι.
1293 2807 1387 2884 Quae

223 2923 402 3006 sequnntur
426 2917 541 3002 rerba,
565 2939 681 2982 manca
705 2915 740 2980 in
764 2915 855 2980 codd.
879 2921 911 2980 et
931 2916 1000 2982 edd.
1019 2917 1142 2982 tradita
1166 2921 1242 2982 sunt
1265 2915 1338 2980 inde
1364 2943 1386 2982 a

223 3025 333 3092 rcrbis
357 3013 439 3108 αἷμα
463 3019 525 3106 μέν
549 3023 596 3099 εἰς
618 3019 679 3086 τὸν
702 3018 891 3106 πνεύμονας
919 3046 996 3089 narn
1025 3025 1059 3090 in
1083 3023 1117 3089 M
1141 3024 1289 3110 sequitur
1312 3046 1386 3108 spa-

224 3135 308 3202 tium
338 3153 477 3198 uacuum
509 3135 633 3215 septem
665 3131 851 3196 litterarum
882 3131 917 3196 in
949 3155 1046 3198 versu
1077 3141 1236 3214 extremo,
1268 3131 1386 3198 deinde

226 3265 337 3309 versus
361 3241 534 3325 insequens
558 3243 648 3304 totus
673 3245 722 3304 est
747 3239 1040 3314 racuusrelictus,
1067 3239 1102 3304 in
1125 3239 1225 3306 tertio
1252 3239 1383 3306 demum

225 3373 321 3416 rersn
344 3349 494 3436 pergitur
516 3346 623 3410 rcrbis
648 3341 739 3430 σήπει
762 3343 846 3429 πρὸς
869 3345 1023 3424 ἐναντίας
1046 3341 1221 3430 ὑπερεσιίις
1243 3348 1283 3432 τῇ·
1306 3371 1385 3430 καρ-

166 3507 171 3520 .
226 3459 283 3546 dict
307 3461 340 3524 ct
364 3456 472 3544 spatio
496 3477 551 3520 scr
576 3453 704 3520 litteras
729 3456 879 3540 explendi
903 3477 1000 3520 causa
1023 3478 1127 3520 vacuo
1151 3455 1265 3520 relicto
1289 3447 1384 3539 ἀμοι-

225 3569 301 3652 βαῖς
324 3563 491 3650 έμκαέροις
513 3585 542 3627 κ.
565 3586 593 3626 τ.
615 3563 658 3636 r.;
684 3563 716 3627 in
741 3561 833 3649 Aujss'r
856 3585 923 3629 non
946 3565 1040 3628 tanta
1063 3563 1212 3628 vacuitas
1237 3569 1299 3644 est,
1327 3565 1383 3631 sed

226 3677 302 3762 post
326 3663 407 3758 αἷμα
430 3669 492 3757 μὲν
515 3671 562 3746 εἰς
583 3665 645 3735 τὸν
667 3665 842 3754 πνεύμονα
867 3669 975 3756 spatio
1000 3675 1141 3755 quatuor
1169 3671 1236 3736 fere
1261 3671 1382 3737 littera-

227 3805 300 3848 rum
322 3803 426 3846 vacuo
451 3779 566 3844 relicto
594 3779 747 3862 leguntur
774 3777 873 3842 rurba
897 3775 1012 3858 ἕτερον
1040 3771 1168 3844 αὐτῶν.
1196 3779 1325 3862 πνεῦμα
1347 3775 1379 3842 d'

228 3891 275 3967 εἰς
298 3883 380 3956 ὅλου
402 3885 439 3952 τὸ
465 3887 564 3975 ζῷον,
593 3885 743 3970 deinceps
773 3891 847 3972 post
872 3885 1066 3951 inanitatem
1091 3885 1380 3954 ιῙιιι,»ι1ει·ίιηῑοειιιο

226 3998 413 4063 litterarum
432 3990 493 4058 τὸν
507 3993 574 4058 τῶν
590 3987 724 4077 ὑμένων
738 3987 782 4070 ὡς
797 3992 912 4082 ἐκείνῳ
929 3995 1023 4058 [δοκεῖ
1034 3991 1117 4078 πρὸς
1132 3993 1148 4058 ε’
1152 3997 1286 4070 ναυτίας
1304 3987 1381 4080 ύπη-

230 4107 342 4188 ρεσίας
359 4103 399 4188 τῇ
419 4103 540 4188 καρδία
559 4097 684 4186 χρόνον
699 4095 855 4184 ἀμοιβαῖς
874 4125 901 4166 κ.
919 4126 945 4166 τ.
960 4107 988 4166 λ.
1020 4101 1211 4167 (Jhartcrins
1237 4103 1379 4188 neglecta

230 4211 285 4278 illa
312 4210 446 4296 parvula
471 4209 585 4274 lacuna
612 4215 685 4292 post
710 4210 758 4285 εἰς
779 4207 840 4276 τὸν
859 4205 1032 4294 πνεύμονα
1058 4209 1278 4276 induciata
1304 4211 1379 4278 satis

230 4317 345 4386 habuit
372 4317 458 4382 iuter
482 4318 580 4380 rerba
605 4317 651 4392 εἰς
674 4311 756 4382 ὅλον
780 4313 816 4382 τὸ
843 4317 928 4406 ζῷον
952 4323 983 4382 ct
1006 4313 1065 4382 τὸν
1084 4317 1151 4382 τῶν
1171 4313 1304 4402 ὑμένων
1323 4319 1381 4386 ‚td-

231 4427 384 4494 icctirnur
409 4423 524 4510 ἕτερον
548 4423 687 4490 irrscrcrc
712 4430 743 4490 ct
769 4425 862 4512 plcrrc
886 4425 1115 4514 interpungere
1139 4449 1276 4512 curaque
1301 4449 1379 4496 secu·
