2982 5026
557 397 600 407 —
647 361 712 426 593
758 397 802 410 -
901 359 906 367 ’

70 513 215 604 οἷάπερ
239 517 331 586 ἐστὶν
354 513 464 605 ῦγιέια
487 519 542 587 καί
570 521 713 600 πλοῦτος
740 519 795 588 καὶ
818 519 920 599 νόσος
948 521 1001 588 καὶ
1025 527 1134 591 πενία.
1177 521 1255 591 τοῦ·

70 649 167 694 των
189 623 253 712 γὰρ
278 619 380 695 οῦδὲν
404 624 480 696 οὔτε
509 622 644 714 άγαθὸν
672 625 748 696 οῦτε
776 625 881 695 κακὸν
905 625 996 696 εἶναί
1019 649 1140 716 φασιν,
1170 627 1254 699 eut

72 730 269 820 ἀδιάφορα
296 731 415 802 πάντα.
465 735 520 803 καί
553 741 688 820 τοίνυν,
717 739 748 803 εί
778 732 815 804 τὸ
848 733 911 823 μὲν
939 732 1006 822 ἡδὺ
1039 743 1179 825 νομίσας
1204 763 1256 817 τις

74 837 244 926 ἀγαθόν,
267 837 304 908 τὸ
330 840 366 908 δὲ
390 837 536 931 ἀνιαρὸν
558 840 664 912 κακὸν
687 839 890 912 ἀκολουθοῦν
916 846 957 931 τῇ
986 841 1068 933 δόξῃ
1091 847 1170 934 τῇδε
1192 847 1255 914 τοῦ

75 945 160 1038 μὲν
181 945 245 1035 τὴν
269 951 401 1036 αἵρεσιν
429 963 576 1036 ποιοῖτο,
603 953 665 1018 τοῦ
692 949 729 1018 δὲ
757 949 820 1036 τὴν
847 947 974 1038 φυγήν,
1002 947 1136 1040 ἀμαθής
1163 952 1281 1020 carave

77 1051 216 1136 οὐσίας
243 1051 379 1144 άγαθοῦ
406 1059 461 1126 καὶ
491 1055 547 1127 διά
575 1061 679 1126 ταῦτα
712 1053 903 1138 ἀκόλαστος.
955 1057 993 1126 ἐν
1019 1054 1163 1140 ἁπάσαις
1189 1058 1254 1147 γάρ

77 1159 258 1252 πράξεσιν
282 1165 495 1252 αίρουμέναν
518 1162 614 1253 ἡμῶν
636 1166 673 1234 τὸ
697 1163 909 1253 φαινόμενον
932 1159 1085 1252 ἀγαθόν,
1112 1165 1254 1254 φευγόν-

77 1298 167 1341 των
190 1271 226 1340 δὲ
250 1272 289 1340 τὸ
313 1271 525 1360 φαινόμενον
547 1273 669 1358 κακόν,
697 1272 845 1361 ἐχόντων
874 1271 912 1342 δὲ
939 1272 1040 1360 φύσει
1067 1271 1127 1354 τὰς
1149 1271 1256 1362 ὁρμὰς

79 1377 220 1459 ταύτας
243 1375 299 1466 ἐφ’
325 1377 526 1468 ἑκάτερονὴ
555 1387 740 1468 φιλοσοφία
769 1380 977 1450 διδάσκουσα
999 1380 1037 1450 τὸ
1066 1379 1148 1449 κατὰ
1177 1377 1255 1470 citii·
1343 1381 1346 1386 ’

79 1497 199 1556 θειαν
221 1483 357 1573 άγαθόν
380 1514 415 1556 τε
443 1487 499 1557 καὶ
529 1487 634 1556 κακὸν
661 1485 916 1577 ἀναμαρτήτους
944 1488 1121 1574 ἐργάζεται.
1166 1488 1255 1576 Χρῦ-
1270 1512 1296 1551 1⁰

82 1595 228 1686 σιττζττος
251 1594 288 1663 δὲ
312 1591 376 1662 ουίι
399 1591 477 1663 οἶδα
499 1593 600 1678 ὅπως,
623 1593 734 1681 ὥσπερ
758 1599 794 1664 oi
815 1599 946 1664 ἰδιῶται
969 1595 1097 1684 λόγον,
1119 1599 1158 1686 τι]
1183 1600 1322 1671 δια-598

82 1708 188 1794 φορᾷ
221 1707 290 1772 τῶν
325 1705 468 1790 φωνοῦν,
501 1700 543 1772 οῦ
573 1717 644 1783 τοῖς
678 1703 906 1792 τυγχάνουσιν
937 1699 1054 1784 αῦταίς
1085 1703 1255 1792 πράγμασι

83 1811 251 1900 προσέχει
274 1810 337 1879 τὸν
364 1814 451 1879 νοῦν
479 1809 594 1898 ἕτερόν
622 1840 651 1881 τι
678 1817 823 1899 νομίζων
854 1813 1043 1898 δηλοῦσθαι
1072 1807 1151 1880 καθ’
1182 1809 1255 1879 ἑκά-

85 1939 182 2005 στην
204 1921 311 1986 τῶνδε
330 1923 398 1986 τῶν
416 1923 556 2006 φωνοῦν,
578 1919 741 2006 αἱρετέον,
764 1921 932 2006 ποιητέον,
951 1919 1153 2007 θαρρητέον,
1175 1915 1255 2006 άγα-

85 2025 176 2094 θῦν.
221 2031 290 2094 ἔστι
314 2025 352 2094 δὲ
376 2023 438 2114 οὐχ
461 2027 587 2114 ἕτερον,
611 2022 694 2095 ἀλλὰ
719 2027 757 2094 ἐν
780 2023 924 2108 ἁπάσαις
945 2023 1084 2112 ταύτόν,
1114 2023 1195 2114 ὅπερ
1219 2028 1255 2095 ίιι
1269 2047 1296 2088 1⁸

86 2134 157 2218 τῆς
179 2127 315 2218 άγαθόν
335 2136 505 2221 δηλοῦται.
540 2137 640 2203 τοῦτο
665 2133 729 2220 γάρ
752 2135 821 2202 ἐστι
841 2133 961 2221 μόνον,
984 2131 1065 2222 ὅπερ
1084 2129 1128 2202 ῦν
1146 2131 1255 2202 ἓλοιτδ

86 2265 146 2319 τις
169 2233 190 2326 ἢ
213 2238 368 2328 πράξειεν
387 2235 407 2329 ἢ
426 2239 642 2330 θαρρήσειεν,
666 2239 777 2330 ὥσπερ
800 2268 837 2328 γε
855 2243 910 2310 καί
934 2240 972 2310 τὸ
991 2241 1108 2328 κακόν,
1131 2237 1150 2310 ὃ
1172 2239 1255 2330 με’,τε

90 2373 102 2379 -
111 2369 262 2380 -..ο-...ω
284 2372 314 2379 -

132 2413 300 2489 θάμαθίας
318 2421 377 2476 MA
395 2414 515 2490 άμαθής
532 2417 613 2478 Corn.
633 2420 745 2489 BChK3
770 2421 804 2479 ei.
824 2420 910 2477 Proll.
928 2439 957 2492 p.
977 2428 1020 2477 ⁴0.
1046 2453 1078 2464 —
1104 2427 1137 2476 12
1156 2415 1256 2484 αῦτοίς

7 2531 9 2560 3
90 2489 241 2548 MABCh
262 2523 295 2534 -
316 2499 349 2548 14
369 2493 456 2548 verba
474 2487 591 2562 άγαθόν
609 2511 699 2564 usqne
717 2493 754 2549 ad
773 2487 844 2562 ὅπερ
863 2489 896 2550 ie
915 2495 965 2563 τῆς
983 2510 1039 2552 om.
1057 2491 1096 2548 M.
1118 2523 1150 2534 -

91 2675 225 2742 scilieet
250 2697 365 2742 revera
392 2676 444 2740 vel
471 2675 559 2742 bona
586 2675 639 2740 vel
667 2675 756 2742 male
783 2676 864 2761 sint,
894 2697 976 2760 non,
1008 2673 1094 2740 sient
1122 2675 1256 2760 sanitas,

91 2783 248 2867 divitiae,
275 2783 425 2867 morbus,
452 2787 643 2868 paupertas,
670 2781 756 2848 salsa
784 2784 938 2868 opinione
967 2781 1035 2848 sint
1058 2781 1256 2848 existimate

93 2893 245 2970 Quorum
272 2891 358 2957 nihil
384 2912 488 2976 neque
517 2890 641 2956 bonum
668 2912 772 2976 neque
801 2891 923 2956 muium
947 2912 1018 2955 esse
1046 2889 1172 2976 dieunt,
1199 2889 1255 2956 aed

11 3029 14 3062 ι
92 2999 318 3068 indifferentia
341 2999 462 3066 omnia.
507 2997 601 3064 Unde
625 2999 653 3062 si
676 2999 750 3084 quis
774 2999 978 3084 voluptatem
1001 2997 1133 3082 bonnm,
1155 2996 1256 3063 mole-

12 3143 13 3176 1
94 3107 198 3175 stiam
226 3106 349 3172 malum
379 3105 584 3171 existimabit
610 3111 804 3192 secutusque
831 3099 915 3172 huno
946 3105 1132 3190 opinionem
1162 3104 1262 3170 illam·

13 3275 16 3286 .
94 3215 209 3300 eliget,
230 3213 316 3280 hano
340 3213 460 3301 fugiet,
483 3215 618 3300 ignarus
643 3215 706 3278 erit
727 3219 864 3278 naturae
887 3213 967 3280 boni
990 3217 1087 3297 etque
1111 3212 1183 3278 ideo
1207 3213 1255 3278 in·

14 3387 16 3396 ,
94 3331 296 3407 temperans.
333 3321 420 3386 Nem
445 3343 518 3386 oum
542 3321 577 3387 in
596 3321 747 3388 omnibus
767 3321 950 3388 actionibus
975 3321 1146 3406 eligamus,
1169 3319 1255 3404 qnod

15 3467 18 3504 ;
94 3429 228 3498 videtur
253 3451 323 3494 esse
346 3428 485 3514 honum,
511 3429 678 3514 fugiamus
703 3433 833 3512 eontra,
856 3427 941 3515 qnod
965 3427 1103 3512 malum,
1125 3432 1256 3494 natura

16 3601 18 3610 ,
95 3559 162 3626 qne
185 3537 304 3603 insitos
328 3535 389 3601 hos
414 3533 453 3599 ad
473 3539 646 3622 utrumque
670 3538 812 3622 impetus
831 3535 1021 3622 habeamus,
1044 3534 1256 3623 philosophia

17 3691 19 3718 .
96 3649 164 3730 est,
200 3665 283 3730 quae
316 3665 391 3709 vere
424 3643 546 3710 honum
579 3645 766 3730 malumque
797 3667 857 3711 nos
890 3646 1009 3711 doeens
1041 3645 1203 3710 immunes
1235 3665 1255 3710 a

19 3819 20 3828 2
98 3752 245 3843 peooatis
274 3749 389 3817 neddit.
440 3748 646 3837 Chrysippus
675 3757 785 3819 autem
813 3753 924 3818 neseio
953 3751 1130 3838 quomodo,
1158 3755 1193 3817 ut
1221 3751 1256 3837 ii,

19 3931 21 3944 ‚
97 3861 156 3952 ¹qui
174 3861 340 3926 rationum
359 3859 504 3943 imperiti
525 3865 611 3944 sunt,
630 3859 670 3924 ad
690 3859 924 3926 vocabulorum
943 3859 1170 3943 differentiam,
1188 3881 1261 3936 non,

20 4013 22 4052 ;
98 3969 141 4038 ad
164 3967 269 4053 ipses,
291 3988 374 4054 quae
398 3967 439 4031 iis
462 3967 587 4050 insunt,
610 3990 662 4032 res
686 3969 831 4033 animum
856 3967 998 4032 advertit
1026 3967 1255 4052 existimatque

21 4125 25 4162 ,
98 4076 264 4144 diversum
288 4073 441 4160 quiddam
466 4073 643 4160 significari
669 4075 721 4140 his
745 4075 884 4160 singulis
903 4075 1048 4158 vocibus,
1072 4097 1145 4140 eum
1169 4073 1254 4139 ‹hea-

100 4205 172 4252 mus
200 4181 400 4268 eligendum,
431 4181 630 4268 faciendum,
663 4183 800 4247 fidenter
827 4181 1096 4269 aggrediendum,
1123 4181 1256 4248 bonum.

23 4338 29 4382 :-
98 4291 168 4360 Neo
191 4295 303 4355 tamen
326 4291 491 4355 diversum
515 4289 691 4375 quidquem
711 4294 771 4374 est,
795 4289 850 4354 sed
870 4313 971 4355 unum
989 4297 1087 4376 atque
1111 4289 1196 4355 idem
1220 4290 1254 4356 in

23 4389 26 4400 ⁹
102 4397 263 4480 omnibus,
286 4397 371 4482 quod
395 4421 433 4464 ex
457 4419 536 4464 voce
560 4397 638 4464 boni
662 4395 855 4463 declaratur.
891 4395 928 4462 id
953 4397 1039 4462 enim
1064 4397 1169 4464 solum
1193 4401 1255 4480 est,

155 4513 238 4556 (inient
252 4511 464 4555 desinentem
478 4513 588 4564 Hippone.
601 4513 661 4554 nori.
1005 4509 1039 4558 ³8
