3024 5022
737 375 780 390 —
826 339 984 404 422-

282 504 367 596 ήμᾶς
388 507 457 574 τῶν
480 505 518 572 ἐν
544 500 711 588 τοῖςπερὶ
734 503 796 568 τοῦ
823 497 930 586 λόγον
952 498 1209 585 γεγραμμένων,
1238 495 1295 564 διὰ
1320 485 1366 564 όν
1386 513 1422 560 σν

281 617 430 702 διῆλθες,
448 610 494 692 τός
511 616 604 679 ἔστιν
623 610 765 678 ἐννοιῶν
784 609 822 675 τέ
838 632 942 676 τινων
961 607 1015 673 καὶ
1036 605 1240 694 προλήψεων
1258 602 1422 690 ἄθροισμα.

233 729 237 734 ’
281 717 365 789 ἀλλὰ
384 729 475 808 ειπερ
495 716 722 804 ἑκάστηντῶν
741 717 885 784 ἐννοιῶν
908 715 963 782 καὶ
982 711 1184 800 προλήψεων
1207 710 1240 781 εἶ
1241 741 1295 780 ναι
1317 711 1424 800 μόριον

198 913 204 916 -
272 831 426 916 «νομίζεις
450 830 509 914 τής
537 828 660 913 ψυχῆς,
688 821 890 911 ἁμαρτάνεις
913 820 1017 890 ὀιττό.
1062 821 1283 914 πρῶτονμὲν
1310 819 1371 906 γὰρ
1391 815 1426 886 οὐ

254 939 391 1024 τψυχής
414 935 525 1023 ἐχρῆν,
548 929 632 1000 ἀλλὰ
656 929 760 1018 λόγον
782 933 886 997 ταῦτα
911 927 997 996 εἶναι
1021 929 1123 1018 μόρια
1146 929 1306 1016 φάσκειν,
1328 926 1427 1012 ὥσπερ

282 1034 347 1114 οὖν
364 1043 419 1110 καλ
444 1039 583 1129 γράφεις
601 1040 639 1107 ἐν
656 1042 696 1127 τή
715 1037 789 1124 περὶ
810 1036 914 1122 λόγου
931 1045 1148 1126 πραγματείᾳ.
1185 1033 1227 1104 οὐ
1246 1034 1311 1123 γὰρ
1330 1035 1428 1123 δήπου

281 1146 406 1220 ταύτόν
433 1151 501 1217 ἐστι
530 1145 618 1234 ψυχή
648 1145 702 1213 καὶ
731 1144 842 1230 λόγος·
876 1142 984 1224 ἄλλως
1012 1145 1123 1236 τεκαὶ
1153 1143 1210 1212 διὰ
1238 1147 1296 1230 τής
1322 1168 1429 1230 προγε

282 1259 474 1348 γραμμένιγς
497 1253 623 1344 ήήσεως
650 1255 817 1336 ἐνεδείξω,
848 1255 916 1320 τοῖν
945 1253 982 1319 ἐν
1005 1255 1045 1342 ry]
1073 1256 1162 1341 ψυχή
1186 1251 1429 1338 συνισταμένων

282 1364 328 1448 ὥς
350 1368 389 1434 ἓν
412 1391 442 1432 τι
466 1364 521 1432 καὶ
544 1358 563 1430 ό
587 1359 686 1447 λόγος
710 1361 813 1427 ἐστίν·
843 1355 884 1426 οὐ
907 1355 1032 1428 ταύτὸν
1055 1360 1091 1428 di
1118 1359 1207 1448 ψυχή
1231 1361 1301 1427 ἐστι
1324 1355 1427 1426 καὶτὸ

244 1496 269 1536 ιο
284 1475 322 1544 ἐν
345 1469 428 1561 αὐτή
458 1467 712 1556 συνιστάμενον.
758 1471 868 1536 ἔπειτα
896 1469 949 1552 (λε’,
977 1471 1008 1535 ελ
1034 1469 1086 1536 καὶ
1113 1455 1215 1537 τοῦτό
1236 1495 1287 1549 τις
1314 1467 1430 1536 ἐάσειεν

216 1578 494 1668 Ησόνέλεγκτον,
516 1574 601 1645 cilici
620 1603 670 1644 τοι
690 1573 748 1654 τός
766 1601 802 1661 γε
823 1575 956 1655 ἐννοίας
974 1575 1029 1643 καλ
1049 1575 1232 1664 προλήψεις
1252 1576 1258 1666 Ι
1279 1573 1321 1646 orl
1337 1575 1428 1664 μόρια

237 1709 241 1719 “
283 1692 342 1776 τής
364 1691 471 1774 ψυχῆς
494 1683 581 1754 εἶναι
604 1685 748 1768 λεκτέον,
771 1679 855 1750 ἀλλὰ
880 1683 1048 1771 ἐνεργείας
1069 1683 1173 1764 τινάς.
1218 1681 1322 1752 οὐὸἐν
1344 1682 1378 1750 δέ
1398 1683 1427 1748 ἐκ

284 1797 354 1864 τοῖν
377 1799 510 1863 οἰκείων
534 1794 712 1878 ἐνεργειῶν
731 1789 914 1877 σύγκειται,
938 1788 1013 1858 οὔτε
1039 1783 1102 1860 οὖν
1125 1789 1143 1858 ὁ
1163 1787 1341 1880 ὀφθαλμὸς
1361 1785 1425 1884 οὔτε

208 1953 211 1960 ,
283 1899 321 1971 τό
346 1893 406 1982 οὖς
428 1898 505 1968 οὔτε
528 1900 598 1987 χεὶρ
622 1896 698 1968 οὔτε
726 1897 842 1976 σκέλος
866 1895 942 1965 οὔτε
966 1895 1048 1967 ἄλλο
1072 1902 1140 1967 τῶν
1164 1897 1302 1968 πάντων
1325 1893 1425 1966 οόόέν·

246 2033 271 2074 rs
284 2006 369 2077 ἀλλά
388 2013 475 2076 εἰσιν
494 2008 655 2094 ἐνέργειαι
674 2005 737 2094 μὲν
756 2003 939 2093 ὀφθαλμοῦ
954 2009 993 2072 ui
1008 2009 1077 2074 τῶν
1094 2005 1282 2094 χρωμάτων
1301 2005 1425 2076 iudom·

286 2115 499 2203 όιαγνιόσεις,
528 2117 650 2183 λευκοῦ
677 2113 730 2180 καὶ
760 2115 903 2199 μέλανος
931 2113 986 2180 καὶ
1012 2117 1142 2196 ξανθοῦ
1170 2116 1222 2182 καὶ
1254 2119 1357 2200 pretori
1381 2111 1422 2180 rud

285 2227 354 2292 τῶν
376 2221 489 2291 ἄλλων
512 2219 685 2306 ἁπάντων,
708 2217 818 2308 ὥσπερ
842 2247 878 2308 γε
902 2221 956 2289 καὶ
981 2218 1066 2303 ὠτὸς
1089 2214 1132 2291 αὖ
1156 2226 1195 2291 αι’
1214 2226 1284 2292 τῶν
1305 2223 1425 2309 φωνῶν,

263 2451 266 2458 ’
295 2415 300 2424 ¹
324 2447 337 2495 1
357 2441 424 2494 anto
442 2429 485 2494 όν
504 2455 554 2494 nos
572 2434 620 2494 διό
640 2436 823 2502 ἰιιιειοίιοαος
843 2436 877 2492 cr.
896 2437 982 2492 Proll.
1001 2455 1029 2509 p.
1050 2443 1109 2493 107.
1130 2467 1163 2478 ·-

265 2662 398 2745 „partes
423 2655 538 2740 animi,
561 2654 679 2742 quibus
707 2654 793 2721 ratio
816 2655 851 2722 in
875 2678 913 2722 co
942 2654 1093 2723 constst'
1138 2655 1295 2724 Fortasse
1317 2681 1374 2726 nos
1394 2656 1427 2722 rd

238 2806 243 2816 ·
287 2767 344 2832 ills
367 2787 515 2848 revocas,
538 2785 620 2849 quae
644 2763 795 2829 inlibris
820 2765 859 2830 de
889 2763 1015 2830 ratione
1038 2764 1215 2850 scripsisti,
1244 2767 1360 2852 quibus
1385 2788 1427 2832 er·

286 2873 454 2960 plicaristi
477 2871 638 2938 rationem
662 2894 733 2936 esse
756 2872 926 2938 notionum
954 2872 1157 2958 quorundam
1182 2877 1215 2938 ct
1238 2875 1428 2960 anticipatio·

286 3002 364 3046 num
389 2979 623 3048 collectionem.
660 2978 704 3042 At
729 2979 757 3044 si
781 2980 931 3048 notiones
957 2979 1273 3065 anticipatiouesquc
1298 2983 1427 3070 singulas

288 3110 360 3154 esse
382 3091 493 3174 partes
518 3085 618 3151 animi
643 3086 830 3170 arbitrariS,
853 3087 1016 3172 duplicem
1041 3109 1183 3154 errorem
1207 3111 1311 3174 erras,
1334 3111 1429 3172 uuum,

287 3194 374 3282 quod
406 3217 472 3260 non
504 3193 620 3276 animi,
654 3195 710 3260 sod
742 3195 880 3261 rationis
912 3200 1023 3280 partes
1055 3195 1116 3262 has
1154 3196 1260 3262 dicere
1293 3199 1430 3280 debuisti,

288 3301 561 3390 quemadmodum
598 3302 668 3388 ipsc
704 3302 738 3366 in
775 3299 996 3387 disputatione
1034 3304 1073 3368 de
1109 3305 1236 3370 ratione
1273 3307 1429 3392 scripsisti.

287 3411 455 3481 Nimirum
479 3431 542 3476 non
566 3410 651 3475 idem
676 3413 725 3474 est
749 3410 877 3476 animus
901 3417 934 3476 et
957 3412 1042 3478 ratio
1063 3433 1100 3478 ac
1124 3417 1293 3497 praetereo
1317 3416 1351 3482 in
1372 3437 1430 3481 ora·

288 3520 393 3604 tione,
415 3541 513 3604 quum
538 3521 633 3582 autea
658 3519 926 3602 commemoravi,
954 3519 1126 3585 ostendisti
1150 3542 1189 3584 ex
1217 3520 1272 3606 iis,
1300 3523 1430 3609 quaein

291 3627 402 3694 animo
427 3627 625 3710 consistunt,
653 3649 752 3692 uuum
781 3649 851 3691 esse
880 3627 980 3692 etiam
1008 3628 1182 3712 rationem3
1211 3629 1340 3696 unimus
1366 3652 1431 3696 vero

289 3738 335 3820 et,
368 3734 454 3821 quod
486 3733 521 3798 iu
554 3756 592 3799 co
626 3734 790 3818 consistit,
822 3735 908 3800 idem
942 3758 1012 3800 esse
1044 3735 1135 3802 nullo
1168 3734 1266 3802 modo
1299 3743 1431 3824 possunt

290 3843 386 3908 Alter
409 3863 499 3906 error
527 3845 591 3926 est,
618 3842 717 3928 quod,
745 3843 844 3908 etiam
873 3845 900 3908 si
931 3843 1002 3930 quis
1030 3843 1094 3910 hoc
1116 3843 1200 3910 nolit
1223 3844 1380 3930 refutare,
1404 3851 1431 3910 rt

288 3949 440 4016 notiones
464 3954 551 4014 certe
576 3953 609 4014 et
632 3950 885 4036 anticipationes
908 3975 974 4018 non
1003 3957 1113 4038 partes
1137 3951 1252 4036 animi,
1275 3955 1331 4024 sed
1353 3957 1430 4022 lunc·

289 4059 397 4124 tiones
420 4058 575 4143 quasdam
600 4058 705 4123 dicere
734 4059 885 4126 debuisti.
930 4059 1023 4126 Nihil
1052 4081 1090 4124 ex
1117 4059 1261 4144 propriis
1290 4066 1429 4150 cuiusque

290 4165 337 4232 rei
357 4164 578 4232 functionibus
604 4167 818 4250 componitur,
840 4189 944 4252 neque
968 4170 1056 4232 auris
1080 4189 1184 4252 neque
1203 4191 1320 4237 manus
1342 4191 1429 4256 neque

290 4295 363 4340 orus
386 4295 489 4359 neque
514 4274 690 4360 quidquam
715 4273 817 4356 uliud,
840 4275 896 4340 scd
920 4275 1006 4340 oculi
1030 4275 1212 4340 functiones
1236 4284 1313 4343 sunt
1335 4277 1428 4362 singu·

290 4381 398 4448 lorum
421 4381 576 4466 colorum,
594 4381 676 4466 ulbi,
699 4381 800 4466 nigri,
824 4381 912 4466 flavi,
936 4383 1019 4449 fusci
1044 4389 1289 4478 ceterorumque
1313 4383 1426 4450 distinc-
