2980 5020
679 289 925 356 -τοο-

222 478 295 522 νειν
321 450 362 522 τά
390 477 425 520 τε
448 449 546 520 κοινὰ
578 449 633 520 καί
659 475 700 519 τα
724 437 795 518 ι’διιι
818 447 898 518 καθ’
932 449 1077 537 ἑκάστην
1111 451 1249 540 τέχνην,
1278 452 1314 520 ἐν
1340 449 1373 518 δὲ
1465 489 1466 496 1

221 563 266 652 τῷ
289 556 372 628 κατὰ
396 563 560 648 impetos,
586 565 622 628 τί
645 554 770 627 ταύτόν
792 585 826 626 τε
850 558 906 626 καὶ
935 563 971 626 τί
993 559 1127 644 ἕτερον,
1155 560 1327 628 τουτέστιν
1347 565 1374 628 εί

221 665 322 754 ὅμοιά
358 668 396 735 τέ
423 668 492 735 ἔστι
525 667 580 734 καὶ
611 661 768 753 άνόμοια.
818 669 857 733 ἓν
884 665 949 752 γάρ
982 666 1051 734 ἐστι
1087 669 1128 754 τῇ
1164 667 1308 756 δυνάμει
1338 667 1373 736 ui

220 780 297 864 τρία
319 778 424 844 ταῦτα
448 775 633 863 σκίμματα,
656 773 694 842 τό
718 801 752 842 τε
776 774 851 860 περὶ
874 777 943 842 τῶν
966 777 1094 842 κοινῶν
1116 773 1173 842 καί
1201 779 1302 844 ίδίων
1325 777 1371 844 sud

195 883 259 952 οτὸ
284 888 488 972 διακρίνειν,
511 887 543 951 εί
569 881 669 970 ὅμοια
693 877 712 970 ἢ
736 877 881 970 ἀνόμοια
905 880 945 950 τὰ
973 881 1254 970 παραβαλλόμενα
1278 884 1373 970 πράγ-

222 990 309 1080 ματά
347 994 430 1078 ἐστι,
466 989 521 1058 καί
553 995 669 1078 τρίτον
707 991 759 1058 ε’τδ
792 989 940 1072 τούτοις,
972 997 1008 1058 τί
1037 987 1163 1058 ταύτὸν
1200 992 1239 1058 ἐν
1267 988 1375 1070 αὐτοῖς
1465 1065 1466 1080 ,

222 1101 291 1169 ἐστι
314 1100 369 1168 καί
393 1105 430 1168 τί
449 1098 573 1185 ἕτερον.
618 1095 761 1165 aldrao
793 1095 858 1184 γὰρ
892 1102 927 1166 οί
949 1096 1110 1186 Ἕλληνες
1142 1096 1243 1186 ὅμοια
1267 1107 1374 1168 καλεῖν
1465 1117 1466 1126 ’

222 1209 327 1278 ἐνίοτε
351 1206 391 1276 τίκ
415 1203 539 1276 ταύτὸν
569 1203 688 1292 ἔχοντά
711 1231 752 1273 τι.
797 1205 852 1272 καὶ
882 1204 922 1273 τά
946 1232 983 1292 με
1015 1211 1271 1296 παραδείγματα
1298 1207 1383 1276 κατὰ.

194 1311 347 1384 νταῦτδν
374 1315 412 1384 ἐν
438 1328 509 1393 τοῖς
536 1313 847 1400 παραβαλλομένοις
875 1313 1048 1382 ἐκέλευσεν
1078 1311 1163 1403 ι’μᾶς
1193 1313 1211 1384 δ
1238 1315 1374 1384 Πλάτων

157 1440 213 1497 ῖίιδ
222 1432 404 1493 ποιεῖσθαι.
441 1424 568 1510 γειτνιᾷ
592 1421 633 1487 δι’
652 1445 722 1500 πως
743 1421 747 1508 Ι
768 1418 874 1510 τούτῳ
897 1423 943 1511 τῷ
967 1423 1128 1510 οκίμματι
1151 1423 1206 1491 καί
1230 1422 1269 1492 τὸ
1299 1423 1373 1492 κοτίι

222 1530 286 1620 τὴν
309 1528 518 1619 διαιρετικὴν
536 1525 790 1616 ὀνομαζομένην
818 1528 986 1615 μέθοδον,
1013 1521 1053 1616 ἧς
1079 1529 1143 1618 τὴν
1164 1531 1229 1619 μὲν
1256 1559 1374 1619 γυμνα-

224 1645 304 1708 σίαν
326 1636 344 1708 ὁ
369 1636 517 1708 Πλάτων
540 1638 578 1704 ἐν
602 1639 757 1724 Σοφιστῇ
780 1635 835 1703 καί
856 1639 1024 1728 Πολιτικῷ
1048 1644 1236 1726 πεποίηται,
1259 1638 1321 1728 τὴν
1342 1639 1372 1706 δὲ
1465 1677 1466 1680 ¹

224 1743 384 1835 ἐξαδτῆς
410 1752 527 1834 χρείαν
559 1744 725 1824 ἐπέδειξεν
753 1739 815 1811 οὐκ
844 1743 881 1810 ἐν
904 1743 1037 1825 τοτ’τοις
1063 1745 1188 1834 μόνον,
1217 1743 1301 1816 ἀλλὰ
1324 1769 1374 1814 σα-

223 1855 369 1942 φέστατα
398 1852 460 1942 μὲν
492 1850 560 1941 ἃμα
590 1851 646 1920 καὶ
669 1849 851 1918 τελεώτατα
874 1851 957 1920 κατά
984 1879 1018 1920 τε
1045 1859 1197 1942 Φίληβον
1218 1855 1275 1922 καί
1301 1862 1374 1922 Φοῖ-

184 1967 324 2052 ιεδοον,
361 1959 404 2032 οὐ
444 1959 512 2050 μὴν
549 1955 633 2028 ἀλλὰ
669 1958 726 2026 καί
753 1959 836 2027 κατὰ
863 1957 927 2046 τὴν
951 1967 1134 2030 Πολιτείαν
1156 1987 1190 2031 τε
1213 1963 1269 2032 καί
1298 1961 1374 2032 ἄλλο

261 2149 274 2197 1
295 2143 356 2197 ίδια
375 2135 429 2196 είτ’
450 2161 503 2195 ονν
521 2159 608 2210 ομοια
627 2137 675 2192 καί
690 2132 813 2192 άνόιιοιιι
828 2137 877 2192 FP
893 2140 963 2193 soca
972 2135 1044 2194 κατά
1064 2137 1142 2194 dl
1111 2161 1163 2204 τας
1177 2143 1284 2226 τέχνας
1302 2161 1372 2198 τοττ-

224 2213 300 2270 ἐττικ
321 2207 382 2270 εἶ’
365 2207 523 2298 ομοιάτἐ
511 2211 564 2267 είοι
583 2205 665 2265 καί
647 2207 772 2296 ανόμμιιι
787 2210 951 2264 llABChli
968 2213 1027 2265 ι’ὃιικ
1042 2208 1114 2266 καθ’
1132 2208 1256 2284 ἑκάστην
1270 2216 1374 2300 τέχνην,

224 2281 257 2341 ἓν
275 2283 307 2341 δὲ
327 2286 366 2356 τῷ
385 2281 459 2340 κατὰ
471 2281 612 2368 lprpsiov,
632 2285 661 2336 τί
677 2277 784 2336 ταύτόν
803 2301 831 2336 τε
852 2283 900 2336 καί
920 2302 944 2335 τι
960 2281 1071 2368 ἕτερον,
1090 2303 1236 2340 τοοιεοτιν
1251 2283 1310 2341 εί
1295 2283 1374 2374 ομοιά

222 2357 254 2412 τί
273 2352 332 2412 tart
349 2343 442 2412 κάλ’
423 2351 548 2426 ανόμοια
574 2372 624 2410 nos
650 2355 887 2410 tentavimusff-
913 2350 1071 2423 deincipem
1097 2356 1147 2410 καί
1170 2353 1202 2412 τὸ
1226 2361 1256 2413 τί
1277 2353 1373 2414 ταδιδι

223 2429 272 2483 καί
292 2427 354 2499 iaso
356 2428 516 2484 ονΡΡ.-
537 2434 551 2482 ἰ’
572 2421 847 2482 versariorum
866 2447 894 2480 τι
912 2442 968 2481 om.
987 2425 1099 2481 ΡΡ.-
1118 2426 1279 2484 Socraten
1293 2451 1373 2486 τουτο

225 2499 337 2556 ΡΡ.-
363 2509 397 2555 10
415 2519 489 2554 κατα
508 2499 569 2566 (sic)
588 2493 623 2552 τά
643 2492 695 2564 τὴν
715 2495 811 2552 M.-
838 2503 870 2552 12
890 2515 1018 2568 οωφιστη
1006 2497 1122 2554 Ρ.-
1155 2507 1187 2555 18
1207 2497 1298 2557 αυτοῦ
1318 2503 1373 2556 lll'.

223 2601 259 2614 -
283 2578 317 2628 lt
336 2566 407 2628 cittii
433 2588 487 2629 om.
508 2569 692 2634 tranculfi
717 2571 751 2624 ct'.
775 2568 862 2624 Pron.
885 2588 913 2640 p.
942 2577 1058 2626 lou·
1081 2567 1206 2628 ἆλλάττιι
1229 2573 1289 2629 MA
1310 2573 1373 2629 ἄλλο

223 2663 295 2699 αττοι
314 2643 383 2700 Bch
402 2637 464 2698 ἀλλ’
484 2636 605 2698 άτταΡ.
625 2673 658 2686 -

223 2826 444 2914 Hippocrates
468 2825 503 2892 in
530 2825 616 2891 libro
639 2823 678 2890 de
706 2823 860 2890 fructuris
887 2825 1037 2910 pluribus
1065 2824 1190 2912 docuit,
1218 2829 1374 2916 quomodo

224 2937 411 3002 communia
435 2938 469 2999 et
496 2934 631 3018 propria
659 2931 692 2998 in
721 2955 915 3020 unaquaque
943 2937 1015 3000 arte
1043 2933 1225 3002 diseernere
1253 2937 1375 3003 debere·

225 3067 311 3130 mus,
334 3043 421 3109 idern
445 3042 479 3106 iu
502 3041 588 3106 libro
612 3041 651 3105 de
675 3043 821 3126 officina,
849 3043 927 3127 quid
950 3047 1038 3106 esset
1061 3041 1146 3108 idem
1171 3047 1312 3132 quidque
1334 3047 1374 3110 di·

225 3173 368 3236 versum,
390 3149 454 3218 hoc
482 3153 544 3234 est,
574 3153 724 3215 essentne
753 3171 804 3214 res
834 3149 959 3216 similes
988 3171 1030 3216 an
1062 3150 1250 3218 dissimiles.
1302 3153 1375 3218 Tra

225 3259 311 3326 enim
331 3258 393 3324 hae
413 3257 691 3324 considerationes
711 3259 876 3341 potestate
895 3279 995 3322 uuum
1015 3257 1166 3345 idemque
1190 3265 1276 3346 sunt,
1299 3281 1375 3346 quae

224 3365 263 3432 de
287 3365 514 3434 communibus
534 3369 586 3430 est
604 3369 637 3430 et
659 3365 812 3450 propriis,
834 3367 905 3430 tum
929 3387 993 3450 qua
1010 3363 1237 3455 discernimus,
1260 3371 1376 3436 similia

225 3497 266 3540 an
290 3473 464 3540 dissimilia
487 3473 554 3538 sint
577 3495 628 3554 ea,
653 3494 735 3557 quae
760 3477 1007 3558 comparantur,
1034 3473 1173 3560 denique
1200 3499 1279 3564 qua,
1305 3475 1375 3563 quid

224 3581 323 3660 idem,
351 3581 429 3667 quid
453 3581 616 3646 diversum
646 3581 689 3644 sit
717 3580 751 3645 in
779 3581 890 3664 rebus,
921 3580 1104 3648 definimus.
1153 3581 1269 3650 Solent
1289 3587 1375 3676 'enim

226 3687 342 3754 Graeci
366 3687 490 3754 similia
509 3687 671 3754 interdum
691 3689 868 3772 appellare,
891 3711 974 3774 quae
994 3689 1118 3774 aliquid
1141 3690 1274 3777 habent,
1297 3689 1376 3778 quud

225 3796 311 3862 idem
336 3797 389 3862 sit.
435 3795 480 3862 Et
503 3796 652 3881 exempla
679 3795 810 3880 <pridem
835 3797 869 3861 in
898 3797 1008 3882 rebus,
1035 3820 1118 3884 quac
1142 3805 1377 3886 comparantur,

225 3927 284 3990 per
310 3905 396 3971 idem
424 3903 576 3970 facienda
598 3927 669 3969 esse
693 3903 789 3969 Pluto
817 3904 912 3971 nobis
941 3905 1117 3991 praecepit
1161 3905 1249 3974 Huic
1273 3911 1375 3972 auum

225 4012 496 4100 contemplationi
521 4012 630 4078 affinis
650 4013 890 4098 quodammodo
910 4013 1010 4078 etiam
1033 4013 1092 4078 illa
1111 4019 1171 4098 est,
1193 4037 1278 4100 quae
1301 4013 1375 4080 diui·

225 4120 323 4188 dendi
346 4121 472 4186 ratione
492 4123 632 4202 constat,
655 4119 746 4185 cuius
766 4119 1031 4188 exercitationem
1051 4119 1146 4187 Pluto
1171 4121 1203 4187 in
1225 4121 1375 4210 Sophiste

226 4233 260 4294 et
282 4227 422 4296 Politice
452 4225 601 4310 tradidit,
630 4249 724 4292 usum
752 4249 829 4294 uero
858 4251 924 4294 nou
948 4227 1000 4294 hic
1029 4229 1140 4310 modo,
1168 4229 1224 4294 sed
1253 4229 1375 4296 eviden-

225 4335 353 4399 tissime
377 4334 474 4399 simul
499 4346 531 4398 et
556 4334 801 4400 absolutissime
829 4336 863 4404 in
886 4333 1025 4434 l'lrilebu
1049 4341 1082 4400 ct
1107 4335 1256 4403 Phaedro
1284 4341 1375 4420 atque
