3022 5038
720 255 965 325 -ειο-

263 415 509 506 έπιδυμητικὸν
537 413 715 504 ὑπάρχειν,
747 413 790 484 οδ
816 415 886 505 μὴν
920 418 977 485 έπί
1004 443 1041 504 γε
1069 419 1128 504 τῆς
1154 419 1297 502 καρδίας
1323 409 1416 484 odora

263 531 311 594 ἔτι
334 533 536 614 προσθεῖναι
560 529 717 593 τοιοῦτον
742 523 844 612 δῆλός
868 525 959 592 έστιν
984 527 1019 592 έκ
1043 523 1106 614 μέν
1129 527 1188 611 τῆς
1210 521 1357 610 γαστρὸς
1378 527 1418 600 τίς

263 624 353 722 ἧπαρ
379 633 587 722 βουλόμενος
615 629 844 720 ἀναφέρεσθαι
874 631 938 720 τὴν
965 631 1112 720 τροφήν,
1145 633 1280 700 ἐκεῖθεν
1308 631 1344 700 δέ
1373 631 1418 699 έπλ

262 737 326 828 τὴν
348 743 492 828 καρδιάν
516 741 601 808 ἰέναι
628 767 658 806 τι
687 741 787 828 μέρος
816 745 863 820 είς
885 738 948 828 τὴν
976 743 1038 808 τοῦ
1060 739 1143 807 κατὰ
1172 739 1307 826 έκείνιγν
1330 743 1421 828 αἳμα-

235 873 319 929 ιτος
346 849 488 936 γένεσιν.
538 844 622 916 άλλέι
651 845 702 916 ὄτι
731 846 794 936 μέν
823 843 885 916 οὐκ
913 849 948 915 έιι
980 851 1050 916 τῶν
1076 843 1159 915 κατὰ
1187 845 1253 934 τὴν
1281 849 1421 934 γιιστέρα

262 962 397 1044 χωρίων
418 959 477 1043 τῆς
499 959 626 1044 τροφῆς
650 952 811 1036 ἀνάδοσις
839 959 886 1034 είς
914 952 977 1042 τὴν
999 959 1144 1043 καρδίαν
1167 949 1314 1035 εὐθέως,
1343 953 1422 1024 dmi:

263 1067 311 1144 είς
333 1055 421 1151 ἧπαρ
446 1069 584 1150 γίνεται,
607 1062 772 1151 πρότερον
796 1059 969 1150 αὐτάρκως
987 1059 1275 1150 ἀποδεδειγμένον
1300 1064 1339 1130 έν
1358 1079 1424 1144 τοῖς

261 1171 336 1259 περὶ
359 1173 429 1240 τῶν
451 1174 607 1258 φυσικῶν
634 1171 830 1258 δυνάμεων,
859 1167 962 1240 οὐδὲν
991 1175 1037 1238 ε’τι
1063 1173 1180 1258 δέομαι
1205 1173 1272 1237 νῦν
1297 1171 1421 1256 έπεξέρ-

261 1287 398 1366 χεσθιιι,
425 1289 626 1366 προσθεῖναι
656 1279 692 1347 δὲ
723 1277 863 1368 άμεινον
890 1283 935 1370 τῷ
967 1278 1056 1370 λόγῳ
1090 1277 1242 1346 τοσόνδε.
1295 1277 1422 1366 θερμὸν

224 1414 249 1450 ιο
262 1386 326 1474 μὲν
348 1389 471 1467 ι’κανῶς
493 1384 680 1473 άναγκαίον
703 1384 789 1454 εἶναι
812 1385 849 1455 τὸ
871 1385 1050 1472 θυμοειδές
1076 1386 1281 1472 σπλάγχνον,
1306 1384 1370 1454 οὐκ
1392 1389 1421 1467 έξ

196 1490 411 1582 ὄνπάνάγκιγς
429 1493 466 1563 δὲ
486 1501 492 1578 Ι
513 1494 644 1582 θερμὸν
664 1498 787 1573 ι’κανῶς
804 1493 842 1562 τὸ
863 1491 1118 1580 ἐπιθυμητικόν,
1141 1489 1228 1560 άλλίι
1249 1495 1287 1561 έν
1306 1510 1421 1582 φυτοῖς

263 1601 327 1690 μὲν
352 1602 408 1670 καλ
436 1601 594 1691 πάμπολυ
621 1605 683 1672 τοῦ
711 1604 918 1689 θυμοειδοῦς
949 1597 1233 1688 ἀπολειπόμενον,
1263 1601 1302 1669 έν
1330 1603 1421 1694 ζῴοις

264 1707 301 1778 δὲ
334 1705 376 1778 οὐ
407 1714 571 1780 τοσοῦτον
603 1711 680 1798 μέν,
714 1708 804 1796 ὅμως
836 1709 873 1776 δὲ
906 1705 968 1776 οὐκ
1005 1705 1132 1796 ὀλίγον.
1183 1706 1261 1777 οὔτε
1288 1708 1354 1798 γὰρ
1382 1705 1421 1776 dr

264 1814 353 1885 οὕτω
384 1815 516 1906 θερμὸν
548 1816 714 1905 εἰργάζετο
747 1815 871 1904 χυμόν,
908 1819 939 1884 εί
969 1814 1014 1904 μὴ
1052 1816 1107 1884 καλ
1144 1811 1227 1885 αι’·τὸ
1265 1821 1419 1886 τοιοῦτον

225 1951 250 1990 ιι
265 1921 429 2012 ὑπῆρχεν,
462 1923 538 1994 οὔτε
571 1921 764 2010 άσφάκτους
795 1919 838 1992 dv
866 1921 931 2010 εἶχε
964 1921 1023 2003 τίις
1055 1924 1196 2010 φλέβας,
1230 1928 1262 1991 εί
1289 1925 1421 2011 §roboae

263 2038 451 2120 θερμασίας
478 2025 520 2120 ἦν
548 2029 644 2120 άρχή.
700 2036 803 2100 raian
832 2029 898 2118 άριι
926 2032 981 2099 καί
1006 2027 1225 2118 Ἱπποκράτης
1254 2031 1420 2100 ένδεικνιί

263 2166 365 2228 μενος
378 2145 514 2228 ἔγραφε·
536 2141 678 2226 ’ῥίζωσις
692 2143 828 2226 φλεβῶν
845 2131 942 2226 ἧπαρ,
958 2141 1090 2226 ῥίζωσις
1104 2137 1275 2227 ἀρτηριῶν
1288 2146 1420 2228 καρδίη·

265 2279 479 2290 ..n——

302 2345 314 2393 1
337 2331 431 2407 έπείγε
452 2337 489 2391 Μ.
511 2367 543 2378 -
563 2343 579 2391 2
599 2337 711 2392 τοιοῦτο
726 2337 756 2394 Ρ,
779 2367 809 2376 -
831 2343 847 2391 4
867 2334 907 2398 είς
925 2331 979 2404 τὴν
998 2331 1063 2390 κατ’
1079 2336 1108 2391 Ρ.
1132 2367 1165 2376 -
1185 2331 1301 2405 έιιείνην
1320 2336 1418 2406 αἰσθη-

264 2405 316 2480 τὴν
335 2409 447 2479 γένεσιν
465 2409 494 2464 Ρ.
517 2441 547 2449 -
570 2415 586 2464 6
605 2412 707 2478 χορίων
722 2411 759 2463 M.
779 2439 813 2450 -
832 2417 848 2463 9
870 2410 1032 2477 προσθῆκαι
1047 2409 1084 2462 M.
1105 2439 1136 2449 —
1160 2415 1192 2464 17
1212 2407 1321 2492 ἔγραφε
1341 2411 1418 2466 codd.

264 2481 326 2538 edd.
349 2480 455 2551 ἔγραφε
477 2499 540 2548 uos;
561 2481 596 2534 ei.
616 2481 702 2536 mon.
722 2501 749 2551 p.
770 2489 811 2536 88.
834 2513 865 2520 -
886 2479 997 2548 ῥίζωσις
1016 2501 1041 2535 ιι.
1061 2501 1084 2535 r.
1104 2485 1126 2534 λ.
1146 2480 1181 2534 de
1201 2481 1280 2536 ιιΙιιο.
1301 2481 1325 2536 n
1344 2501 1370 2552 p,
1387 2489 1417 2536 ‘22

265 2553 308 2666 ed.
319 2553 459 2694 ,μμῳιξμμλἈ
459 2553 557 2680 1ixl-p.
575 2560 634 2620 110,
654 2559 686 2608 31
708 2553 757 2608 ed:
772 2553 812 2622 L.)
832 2553 930 2608 (talen.
950 2557 1099 2610 comment.
1118 2552 1173 2608 rol.
1189 2551 1250 2622 XV,
1270 2571 1296 2623 p.
1317 2561 1370 2610 888
1389 2555 1418 2608 li.

266 2789 361 2856 eorde
385 2790 451 2855 tale
475 2789 650 2876 quidquam
671 2789 781 2874 adicit,
805 2795 898 2877 patet
921 2811 995 2856 eum
1015 2811 1032 2854 e
1056 2791 1169 2854 ventre
1193 2787 1228 2854 in
1251 2789 1351 2856 ieeur.
1365 2793 1420 2857 ali·

265 2901 411 2964 mentum
444 2898 527 2963 aelle
561 2898 679 2962 deferri
714 2902 810 2982 atque
846 2897 918 2964 indo
947 2897 985 2984 *in
1018 2919 1075 2962 cor
1103 2899 1230 2980 partem
1259 2900 1419 2985 quandam

267 3005 448 3072 transmitti
477 3007 517 3071 ad
546 3007 715 3092 sanguinis
744 3007 779 3071 in
807 3029 845 3072 eo
878 3005 1131 3092 generationem.
1188 3003 1419 3073 Verumtamen

264 3137 332 3180 non
355 3137 372 3180 e
396 3114 528 3180 sedibus
553 3114 675 3178 reatris
701 3114 814 3178 statim
839 3115 878 3179 ad
904 3136 968 3198 eor,
993 3111 1048 3178 sed
1073 3111 1114 3178 ad
1137 3112 1227 3178 iecur
1249 3115 1341 3200 prius
1365 3116 1419 3180 nli·

266 3223 369 3288 menti
402 3221 621 3308 digestionem
654 3223 724 3288 fieri
763 3223 919 3308 qnoniam
951 3221 986 3312 in
1018 3221 1111 3285 libris
1145 3219 1183 3284 de
1216 3223 1419 3288 naturalibus

265 3329 479 3395 facultatibus
513 3331 593 3395 satis
626 3331 827 3396 declaratum
855 3333 921 3413 est,
950 3351 1035 3396 nune
1067 3351 1134 3394 non
1166 3351 1248 3414 opus
1277 3333 1327 3394 est
1353 3353 1418 3396 rem

265 3435 415 3524 pluribus
439 3439 598 3524 persequi,
624 3439 679 3503 sed
699 3439 814 3503 melius
835 3439 897 3502 erit
921 3437 1002 3502 illud
1020 3439 1150 3502 tantum
1169 3435 1297 3502 addere.
1335 3437 1419 3503 Satis

266 3545 407 3611 calidum
432 3568 502 3612 esse
531 3545 716 3612 iracundiae
746 3547 854 3612 visens
877 3567 1009 3612 neeesse
1033 3549 1096 3629 est,
1124 3545 1333 3630 appetentiae
1356 3569 1419 3612 noa

266 3653 355 3738 item,
379 3655 435 3720 sed
459 3677 532 3720 enm
557 3653 590 3719 in
615 3654 773 3738 stirpibus
793 3655 842 3720 rel
868 3655 1046 3740 plurimum
1066 3653 1107 3718 ab
1131 3653 1291 3718 irascibili
1314 3653 1419 3738 distet,

266 3763 300 3828 in
324 3763 520 3828 animalibus
543 3785 609 3828 ιιοιι
634 3767 763 3827 tantam
787 3763 932 3848 quidem,
961 3761 1016 3828 sed
1045 3774 1155 3826 tamen
1178 3781 1245 3826 non
1267 3761 1417 3848 exiguum

266 3871 410 3938 calorem
442 3871 476 3936 in
509 3893 543 3936 se
576 3869 686 3936 habet.
737 3869 824 3936 Nam
852 3891 955 3956 neque
984 3875 1052 3934 tam
1082 3867 1223 3934 calidum
1252 3867 1418 3936 hamorem

266 3983 454 4066 generaret
477 3978 541 4044 nisi
565 3979 672 4064 ipsum
697 3977 796 4042 ctiam
821 3977 962 4043 calidum
987 3980 1087 4061 esset,
1114 3997 1218 4062 neque
1247 3977 1343 4062 pulsu
1369 4001 1418 4044 ea-

265 4089 374 4152 rentes
398 4109 498 4152 venas
523 4087 668 4168 haberet,
693 4085 720 4151 si
741 4085 897 4150 ferventis
917 4091 1003 4150 esset
1028 4085 1147 4152 caloris
1171 4085 1313 4170 initium,
1336 4087 1418 4172 quod

267 4193 418 4262 uidelicet
439 4193 538 4259 etiam
558 4194 776 4280 Hippocrates
796 4193 970 4258 asternlens
990 4193 1037 4258 ita
1057 4192 1204 4278 scripsit:
1241 4191 1419 4260 ‘Redien-

267 4302 326 4370 tio
350 4325 532 4370 uenarum
557 4302 677 4387 ieeur,
706 4303 943 4368 arteriarum
968 4323 1044 4388 eor3
1076 4323 1118 4366 ex
1146 4301 1206 4366 bis
1229 4323 1419 4392 pervaga-
