3024 5022
664 353 724 366 ...
753 317 819 385 428
866 355 910 368 .-

208 485 351 562 varona,
374 475 526 564 καθάπερ
554 473 572 546 ὁ
599 476 744 548 Πλάτων
771 479 927 566 ἐποίησεν
955 479 993 547 ἐν
1016 475 1132 561 ἄλλοις
1160 481 1198 550 τέ
1223 503 1291 552 τισι
1313 483 1364 552 aul
1479 515 1480 556 3

208 589 254 677 τῷ
286 589 442 676 Σοφιστῇ
473 584 537 673 τὴν
568 585 631 674 μὲν
661 590 730 655 τῶν
761 591 875 674 μερῶν
897 589 956 676 τῆς
990 591 1097 676 ψυχῆς
1127 587 1213 676 πρὸς
1243 587 1366 678 ἄλληλα
1479 613 1480 663 ζ

208 692 328 764 στάσιν
351 690 611 783 ἀποφηνάμενος
629 693 660 762 εἶ
662 721 715 762 ναι
739 693 846 762 νόσον
866 699 981 783 ψυχῆς,
1004 692 1063 776 τὰς
1085 695 1123 764 di
1146 697 1367 786 παραφόρους
1479 695 1480 710 ’

208 828 243 871 τε
264 803 318 870 καὶ
349 799 512 890 άμέτρους
540 801 687 890 κινήσεις
710 799 827 890 αὐτῆς,
854 803 1004 872 τουτέστι
1031 801 1091 884 τάς
1118 804 1290 893 ἐνεργείας
1311 806 1367 886 τὰς
1479 829 1480 856 ι

181 906 288 978 auao’
318 907 443 1000 ὁρμήν,
472 907 601 996 αἶσχος,
634 908 744 996 ὥσπερ
772 936 808 998 γε
837 909 899 998 τὴν
926 909 989 998 μὲν
1018 917 1224 998 συμφωνίαν
1251 939 1285 982 τε
1312 915 1366 983 καὶ

209 1025 415 1106 συμμετρίαν
437 1015 520 1104 πρὸς
546 1015 673 1104 άλληία
697 1021 764 1086 τῶν
790 1024 921 1106 μορίων
948 1015 1051 1106 αὐτῆς
1075 1016 1221 1105 ὑγίειαν,
1245 1017 1366 1106 riparii

209 1111 415 1214 συμμετρίαν
443 1129 511 1194 τῶν
538 1125 706 1212 κινήσεων
732 1123 862 1207 κάλλος.
907 1121 1018 1212 ὥσπερ
1045 1123 1111 1213 γάρ
1138 1125 1176 1194 τὸ
1205 1131 1302 1214 σῶμα
1328 1127 1367 1196 τὸ

208 1231 315 1302 καλὸν
338 1235 375 1302 ἐν
397 1237 437 1324 τῇ
461 1241 645 1322 συμμετρίᾳ
668 1238 736 1303 τῶν
758 1241 888 1321 μορίων
911 1234 974 1320 τὴν
997 1235 1131 1320 γένεσιν
1155 1243 1258 1321 ἴσχει,
1286 1233 1368 1304 κατὰ

209 1338 269 1410 τὸν
297 1337 402 1410 αὐτὸν
429 1342 557 1429 τρόπον
584 1343 733 1428 ἐνέργεια
760 1340 844 1428 καλὴ
879 1339 935 1408 διὰ
967 1339 1030 1428 την
1059 1345 1129 1409 τῶν
1155 1341 1239 1411 κατὰ
1269 1344 1369 1432 μέρος
1479 1355 1480 1392 l

169 1469 196 1508 ιν
209 1448 376 1538 κινήσεων
399 1455 526 1536 γίνεται
550 1456 765 1538 συμμετρίαν.
811 1447 899 1518 οὕτω
923 1451 1008 1535 γοῦν
1031 1449 1087 1544 καί
1111 1445 1288 1536 ὀρχείσθω
1313 1453 1368 1520 καὶ

208 1557 463 1645 παγκρατιάζειν
496 1557 548 1625 καί
588 1563 743 1625 παλαίειν
780 1557 834 1624 καὶ
871 1561 1021 1641 βαὸίζειν
1058 1553 1277 1645 εὐσχημόνως
1312 1561 1365 1628 καί
1479 1593 1480 1606 ¹

208 1668 317 1746 καλῶς
339 1667 498 1752 λέγονταί
517 1691 619 1747 τινες,
648 1664 753 1750 ἕτεροι
778 1663 815 1732 δὲ
839 1661 1038 1753 ἀσχημόνως
1064 1689 1098 1732 τε
1129 1667 1184 1733 καὶ
1214 1671 1368 1755 αἰσχρῶς.
1479 1679 1480 1682 ’

208 1773 246 1842 ἐν
282 1771 345 1863 μὲν
372 1771 446 1861 γάρ
482 1777 521 1864 τη
559 1779 743 1862 συμμετρίᾳ
775 1775 843 1840 τῶν
880 1770 962 1839 κατὰ
996 1775 1097 1860 μέρος
1128 1772 1299 1860 κινήσεων
1329 1774 1366 1844 τὸ
1479 1815 1480 1820 1

207 1880 329 1962 κάλλος
350 1885 420 1952 τῶν
443 1883 620 1970 ἐνεργειῶν
643 1881 711 1948 ε’στι
736 1879 922 1966 γνώριμον,
946 1877 1029 1948 κατὰ
1053 1879 1090 1948 dt
1113 1878 1176 1968 τὴν
1205 1877 1368 1970 άμετρίαν

168 1989 246 2062 ῑῡτὸ
277 1988 401 2078 αἶσχος.
451 1995 564 2078 ἔχουσι
593 1987 630 2057 dt
658 1989 713 2056 καὶ
741 1991 780 2056 αι’
806 1991 867 2086 τοῦ
892 1985 1075 2068 Πλάτωνος
1097 1986 1212 2076 ῥήσεις
1242 1991 1280 2058 εἰι
1307 1993 1370 2062 τοῦ
1479 2017 1480 2028 ’

207 2175 422 2186 -ιιι-ι-ε-

244 2285 260 2333 3
275 2278 325 2348 τῆς
338 2277 433 2348 atelle
445 2279 478 2334 Ῑι.
494 2307 527 2318 -
547 2285 563 2332 t
578 2273 724 2345 ἐνεργείας
739 2271 789 2337 τάς
803 2293 857 2330 om.
872 2275 904 2329 L.
920 2307 952 2315 -
974 2281 989 2329 7
1006 2271 1036 2329 τό
1051 2269 1153 2340 κάλλος
1166 2277 1368 2335 LMABchK

167 2409 171 2416 ,
207 2343 309 2414 κάλλος
327 2350 445 2414 rerer.
465 2349 551 2404 Proll.
570 2368 597 2420 p.
619 2357 678 2404 116.
698 2377 731 2388 -
753 2341 846 2412 ὥσπερ
865 2367 896 2415 γε
917 2347 948 2402 la.
968 2377 1001 2387 -
1029 2355 1045 2402 9
1065 2341 1197 2416 ἐνεργεία
1215 2351 1290 2419 καλῇ
1312 2352 1368 2407 Lm

208 2417 339 2496 ἐνεργείᾳ
362 2423 433 2493 καλῇ
453 2421 553 2476 ABch
579 2417 708 2488 ἐνέργεια
732 2414 802 2488 καλὴ
823 2418 910 2474 FPK.
935 2449 967 2459 -
997 2427 1030 2474 10
1052 2421 1204 2488 γίγνεσθαι
1230 2422 1368 2478 MABCh

207 2494 341 2564 γίνεσθαι
365 2495 386 2549 L
411 2496 537 2564 γίγνεται
562 2493 641 2548 Corn.
662 2493 686 2546 li
705 2493 815 2560 γίνεται
838 2491 868 2546 P.
893 2521 925 2530 —-
952 2498 984 2546 13
1008 2487 1063 2560 γάρ
1086 2509 1141 2546 om.
1165 2491 1367 2550 Lnlassehlt

208 2597 242 2607 —
264 2565 315 2621 τοῦ
335 2562 455 2628 κάλλους
473 2573 535 2626 ταῖς
554 2560 710 2634 ἐνεργείαις
729 2563 760 2618 L.
780 2593 813 2602 -
841 2569 873 2618 14
893 2556 1029 2632 χρήσιμον
1068 2579 1099 2617 ro
1118 2559 1261 2633 γνάριμον
1280 2566 1313 2621 L.
1334 2597 1367 2608 -
1479 2559 1480 2624 l

208 2632 259 2764 aazia
277 2631 412 2765 riparlpt'ue
426 2637 621 2694 LMABGHK
640 2631 692 2705 τὴν
710 2629 849 2706 άμετρίαν
863 2635 925 2700 FP;
946 2635 981 2689 of.
996 2580 1081 2690 Prodi.
1099 2653 1127 2706 p.
1142 2641 1186 2692 86.
1205 2667 1238 2677 -
1262 2644 1296 2694 1⁵
1317 2639 1367 2695 τοῦ
1479 2627 1480 2642 ’

208 2729 323 2780 uapore
367 2739 427 2764 .···

209 2983 335 3066 omisit,
372 2986 545 3068 propterea
578 2981 664 3066 quorl
697 2985 885 3068 utrumque,
918 2980 1047 3065 opinor.
1080 2980 1229 3046 confudit
1259 3003 1367 3070 neque
1479 2995 1480 3004 ’

207 3093 317 3179 potuit
341 3095 491 3158 accurate
510 3089 726 3173 distincteque
749 3091 788 3154 de
812 3090 864 3154 his
887 3087 1063 3176 quidquam
1082 3089 1308 3176 pronuntiare,
1332 3095 1368 3156 nt

207 3199 304 3266 Plato
328 3222 402 3264 enm
427 3199 500 3264 aliis
524 3197 616 3281 loeis,
640 3203 709 3262 tum
735 3197 769 3262 in
792 3195 949 3282 Sophiste
971 3197 1064 3280 feeit,
1088 3196 1143 3283 qni
1167 3196 1269 3264 animi
1295 3221 1368 3285 par·

207 3307 291 3374 tium
320 3307 513 3373 seditionem
542 3329 612 3371 esse
640 3305 790 3372 morbum
818 3305 914 3390 dixit,
941 3304 1133 3371 temerariae
1162 3308 1274 3372 antem
1305 3307 1365 3374 im·

206 3416 456 3504 moderatusque
479 3415 641 3482 motiones
666 3413 750 3496 eius,
778 3413 839 3478 hoe
868 3417 919 3478 eat
941 3413 1125 3480 tametionea
1153 3413 1366 3501 actionesque

207 3543 246 3590 ex
269 3525 472 3608 appetitione
495 3529 602 3604 natas,
625 3521 860 3606 turpitudinem
880 3520 1068 3606 appellavit,
1089 3521 1366 3606 quemadmodum

207 3635 400 3698 concentum
420 3631 738 3712 eoneinrritalemque
762 3629 905 3714 partium
926 3629 995 3694 eius
1014 3630 1100 3694 inter
1123 3629 1366 3712 serenitatem,

207 3739 391 3826 motionum
424 3739 711 3824 pulchritudinem.
772 3735 798 3802 15
802 3739 817 3800 t
849 3737 936 3802 enim
966 3759 1084 3821 eorpus
1102 3731 1294 3822 'pulchrum
1326 3760 1366 3803 ex

207 3847 352 3934 partium
380 3844 614 3933 aequabilitate
642 3844 802 3926 nuscitur,
837 3844 950 3910 eodem
979 3845 1077 3910 modo
1105 3845 1192 3910 aetio
1226 3845 1365 3930 pulehra

207 3979 246 4022 ex
260 3945 486 4041 'singularium
510 3953 692 4018 motionum
717 3951 865 4036 gignitur
884 3951 1127 4038 aequabilitate.
1165 3949 1219 4016 Sio
1242 3952 1365 4019 saltare

207 4066 241 4128 et
259 4061 429 4146 pancratio
449 4061 614 4126 decertare
633 4063 666 4126 et
684 4059 801 4124 luctari
821 4065 853 4124 et
875 4060 1023 4126 incedere
1042 4059 1157 4126 decore
1176 4063 1210 4124 et
1229 4060 1365 4144 pnlehre

207 4167 357 4236 nonnulli
384 4168 547 4250 dicuntur,
575 4167 716 4252 turpiter
745 4167 802 4232 alii
827 4171 859 4232 et
886 4168 1081 4234 indecenter.
1130 4165 1298 4234 Nimirum
1326 4190 1363 4234 ex

208 4277 423 4362 congruentia
446 4275 663 4362 singularium
687 4275 870 4340 motionum
894 4274 1101 4359 pulchritudo
1124 4274 1302 4360 actionum,
1325 4299 1363 4341 ex

208 4381 429 4470 discrepantia
452 4383 642 4450 deformitas
662 4383 838 4448 manifesta
862 4387 921 4448 eat.
957 4382 1105 4482 Plutonia
1129 4385 1239 4448 autem
1263 4383 1364 4450 rerba
