2982 5026
588 343 834 408 -595-

9 495 13 544 '.
126 499 279 569 Πλάτων
307 499 356 568 fvt
381 499 470 592 λόγῳ
498 505 618 588 βραχεῖ
642 503 837 587 περιέλαβεν
866 503 1110 593 ε’πιστημονικῷ
1143 499 1226 570 κατά
1255 501 1292 572 τὸ

12 671 15 676 A
123 608 291 694 τέταρτον
317 610 375 695 τῆς
404 615 597 693 Πολιτείας,
630 607 718 676 οὕτω
751 609 804 676 καί
835 610 909 697 περὶ
937 613 1007 679 τῶν
1034 605 1163 696 ἀρετῶν
1191 605 1295 696 αὐτῆς

9 749 13 760 ·
126 716 251 802 ἐφεξῆς
274 717 404 798 ε’δίδαξε
429 714 486 784 διά
509 717 671 805 βραχίων.
717 719 755 784 ἐν
783 719 823 786 δέ
848 720 954 808 γετῷ
979 717 1106 804 Λάχητι
1129 715 1295 804 παρέγρα-

12 857 17 864 ·
127 837 198 902 ψευ
221 824 271 890 εεί
289 850 340 902 τις
363 824 544 911 ἐπιστήμας
573 821 659 893 εἶναι
688 831 817 913 νομίζοι
845 823 905 906 τάς
931 821 1066 909 ἀρετάς,
1099 820 1142 893 οὐ
1172 824 1294 893 πολλαὶ

9 969 11 974 ·
127 929 296 1017 γίγνοιντ’
323 928 377 1018 ῶν,
402 927 485 1000 ἀλλὰ
508 939 567 1020 μία
592 935 716 1018 γνῶσις
738 929 881 1019 ἀγαθῶν
903 958 938 1000 τε
961 932 1016 1000 καὶ
1040 933 1173 1000 κακῶν.’
1218 928 1321 999 οὔκ-ι

131 1064 200 1106 ουν
234 1036 310 1108 οὔτε
343 1037 490 1109 Πλάτιν
526 1037 602 1108 οὔτε
640 1039 704 1126 ἐγὼ
742 1045 945 1127 πολυλογίας
983 1048 1104 1124 αἴτιος,
1141 1037 1295 1126 καθάπερ
1331 1087 1333 1094 ›

130 1141 214 1215 οὐδὲ
240 1141 416 1234 Ἀρίστων,
449 1145 533 1216 ἀλλὰ
562 1145 580 1216 ὁ
609 1147 760 1236 μακροὺς
791 1147 853 1235 μὲν
884 1143 1072 1215 ἀποτείνων
1103 1146 1227 1234 λόγους
1258 1148 1314 1218 ἐκ.

130 1253 318 1342 λημμάτων
341 1251 548 1343 ἀρχομένους
572 1253 644 1343 ἤτοι
674 1257 891 1325 διαλεκτικῶν
914 1253 1037 1342 μόνον,
1065 1251 1109 1323 οὐ
1135 1251 1204 1344 μὴν
1227 1256 1296 1324 ἑπι-

131 1365 348 1448 oxonovensis
371 1357 391 1449 ἢ
421 1359 499 1431 οὐδὲ
523 1362 704 1448 τοιούτων,
732 1359 816 1431 ἀλλὰ
841 1361 913 1450 ἦτοι
937 1363 1126 1448 ῥητορικῶν
1149 1358 1169 1450 ἢ
1199 1383 1294 1451 σοφι-

131 1472 268 1538 στικῶν.
319 1471 537 1540 ἐπιδέδεικται
566 1472 607 1540 δέ
632 1499 686 1559 μοι
717 1475 817 1540 τοῦτο
845 1467 928 1538 κατὰ
959 1468 997 1538 τὸ
1026 1468 1188 1556 δεύτερον
1213 1466 1336 1539 ὑπό-ιο

132 1603 249 1665 μνημα
272 1579 373 1664 τῆσδε
396 1582 455 1665 τῆς
481 1586 706 1666 πραγματείας
734 1577 904 1647 δεικνύντι
935 1575 999 1664 τὴν
1026 1576 1199 1664 διαφοράν
1224 1581 1295 1647 τῶν

132 1683 329 1772 λημμάτων,
352 1683 436 1774 άπερ
460 1684 502 1754 οὐ
525 1691 587 1756 τοῦ
609 1689 832 1774 προκειμένου
856 1685 923 1753 ἐστὶ
948 1685 1142 1772 σκέμματος.
1187 1683 1295 1766 οὕτως
1346 1711 1356 1720 ·

133 1784 200 1860 οὖν
223 1787 287 1859 κάν
309 1807 380 1874 τοῖς
407 1793 480 1879 περὶ
504 1798 562 1881 τῆς
586 1797 591 1884 Ι
620 1799 689 1864 τῶν
712 1791 840 1883 ἀρετῶν
868 1795 1034 1879 διαφορᾶς
1058 1788 1076 1860 δ
1100 1791 1362 1878 Χρύσιπποςσοο

134 1897 324 1988 ἀποχωρῶν
352 1903 421 1970 τῶν
453 1903 720 1991 ἑπιστημονικῶν
752 1903 807 1970 καὶ
840 1898 1083 1970 ἀποδεικτικῶν
1113 1899 1296 1988 λημμάτων

133 2008 174 2076 ἐν
196 2021 267 2088 τοῖς
289 2005 487 2090 ὑπολοίποις
510 2006 630 2079 ἀλᾶται
656 2011 744 2098 τρισὶ
769 2010 917 2097 γένεσιν,
945 2005 984 2089 δς
1006 2014 1045 2076 ἒν
1067 2033 1103 2094 γε
1126 2010 1172 2098 τῷ
1196 2005 1295 2088 ποιὰς
1309 2031 1335 2072 ιο

166 2219 772 2312 1aseensussuentanpomospf
793 2219 1137 2292 3ἐφεξῆςοω.ΡΡ.-
1158 2217 1294 2295 διάβρω-

139 2293 214 2364 χίων
234 2293 266 2348 ἐν
284 2297 323 2350 τῶ
341 2293 440 2366 λάχητι
459 2296 563 2386 λέγων’
586 2301 611 2353 εί
630 2317 671 2360 τις
690 2319 714 2352 κ.
735 2319 757 2352 τ
778 2301 800 2351 λ.
819 2295 931 2350 FP.
897 2295 1101 2384 λνομίζοι
1118 2294 1140 2349 F
1145 2293 1168 2350 P
1186 2297 1294 2386 νομίζει

133 2365 363 2422 ΜΔΗΟΚΚμ-
389 2375 405 2423 δ
424 2371 532 2440 γίγνοιτ
536 2365 648 2424 'FPM
668 2372 757 2438 γίνοιτ
762 2363 887 2422 'nsscn
907 2369 1037 2452 γίνοιντ
1018 2362 1080 2420 ’.Κ
1099 2397 1133 2406 -
1152 2360 1223 2421 ἀλλά
1243 2367 1295 2436 μία

132 2436 186 2492 FP
214 2433 284 2492 ἀλλὰ
308 2439 358 2494 καὶ
381 2389 435 2507 ptri
455 2389 693 2496 ilssschn-
660 2461 746 2494 -τε
773 2457 827 2494 om.
856 2439 969 2494 FP·
1003 2457 1110 2493 ουκουι
1133 2437 1162 2492 M
1187 2431 1294 2493 ουιιοῦν
1380 2495 1382 2498 ,

134 2508 335 2566 uscun-
365 2509 694 2595 9ρητορι,κῶνΜ.-
725 2519 757 2566 12
782 2531 852 2579 οπερ
876 2503 1089 2566 MABChK
1069 2529 1144 2578 οπερ
1167 2527 1231 2594 upa,
1258 2509 1293 2565 cf.

133 2580 222 2722 Ιὲυξλε
241 2587 381 2708 1³68&-
353 2685 384 2694 —
348 2589 434 2638 -13
454 2585 503 2652 τῆς
524 2601 577 2640 om.
593 2582 679 2639 ki.-
702 2591 734 2638 lo
753 2583 875 2654 γε’νιοικ,
895 2580 933 2645 ῶς
952 2581 1032 2637 codd.
1047 2581 1136 2636 edu·
1129 2601 1164 2651 7,
1183 2574 1215 2644 ὃς
1233 2597 1293 2638 nos.
1332 2659 1335 2664 Ι

133 2873 239 2938 animi
267 2873 374 2940 nostri
402 2873 551 2961 pertibus
588 2873 623 2940 in
650 2877 768 2960 quarto
796 2872 1009 2960 Reipublicae
1037 2871 1293 2958 disputationem

133 3003 202 3046 nna
224 2980 317 3047 brevi
340 2981 467 3048 ratione
495 2982 638 3068 eleganti
661 2980 849 3067 complexus
872 2985 936 3065 est,
963 2981 1012 3045 ita
1039 2980 1139 3046 etiem
1166 2979 1206 3045 de
1230 2979 1293 3044 vir·

133 3087 265 3154 tutibus
290 3089 359 3155 eins
383 3089 535 3174 deinceps
559 3089 714 3155 brevibus
738 3089 858 3156 docuit
903 3087 1045 3174 Atque
1035 3109 1070 3154 un
1092 3085 1269 3152 Lachete'
1259 3109 1293 3152 ni

133 3197 223 3264 hunc
246 3196 314 3262 fere
338 3195 471 3264 modum
496 3197 642 3282 scripsit:
690 3178 742 3262 Si
770 3198 843 3282 quis
871 3197 1009 3261 virtutes
1034 3195 1201 3261 existimet
1222 3217 1293 3260 esse

134 3305 308 3389 scientias,
339 3327 407 3372 non
434 3307 557 3370 multae
585 3305 662 3370 illae
695 3303 825 3390 quidem
855 3308 963 3388 erunt,
991 3303 1047 3369 scd
1070 3325 1136 3370 nna
1162 3306 1293 3370 tantum

132 3413 296 3479 bonorum
320 3413 546 3499 malorumque
569 3411 737 3499 cognitio?
782 3411 868 3477 Non'
883 3416 934 3476 est
959 3411 1064 3498 igitur
1086 3409 1199 3494 Plato,
1226 3432 1293 3477 non

133 3541 198 3608 ego
222 3519 427 3607 garrulitatis
447 3525 570 3603 auctor,
593 3542 659 3586 non
678 3519 802 3604 Ariste,
825 3519 880 3583 sed
899 3519 938 3600 is,
960 3518 1016 3604 qni
1035 3517 1292 3603 disputationem

133 3629 292 3714 produxit
315 3651 331 3692 e
356 3627 577 3692 sumtionibus
601 3629 783 3713 profectam
807 3627 859 3692 vel
883 3625 1063 3692 dialecticis
1087 3624 1204 3709 solum,
1226 3646 1294 3692 non

134 3735 357 3821 elegentibus,
390 3734 443 3799 vel
470 3756 511 3799 ne
539 3733 661 3800 talibus
692 3733 837 3819 quidem,
871 3731 926 3798 sed
955 3732 1006 3798 vel
1037 3731 1212 3798 rhetoricis
1239 3731 1292 3799 vel

133 3841 335 3928 sophisticis.
382 3839 473 3917 Quod
498 3841 533 3907 in
561 3839 701 3906 secundo
730 3840 865 3906 huiusce
889 3840 998 3927 operis
1025 3839 1111 3906 libro
1134 3838 1217 3904 sutis
1240 3839 1293 3905 de·

133 3947 327 4034 monstravi,
350 3971 424 4014 cum
443 3947 659 4014 differentium
679 3949 891 4034 sumtionum,
913 3971 996 4035 quse
1019 3969 1085 4014 non
1103 3947 1292 4033 propositae

131 4057 338 4144 quaestionis
363 4060 484 4138 essent,
507 4056 666 4122 docerem.
712 4055 836 4122 Eodem
865 4057 962 4122 modo
986 4053 1207 4140 Chrysippus,
1234 4054 1292 4120 nbi

132 4165 174 4230 de
198 4163 356 4228 virtutum
376 4163 558 4228 differentia
583 4164 740 4248 disputat,
763 4163 872 4228 missis
897 4163 1115 4229 sumtioni'ons
1134 4161 1291 4248 eleganti-

132 4275 198 4340 bus
225 4293 372 4357 qnacque
401 4272 442 4336 ad
474 4273 787 4338 demonstrationem
816 4270 927 4337 valent
958 4271 993 4336 in
1021 4271 1157 4356 reliquis
1184 4269 1290 4336 tribus

132 4379 310 4468 generibus
337 4383 491 4466 vagatur,
523 4381 579 4467 qni
606 4385 719 4444 tamen
745 4379 777 4444 in
804 4401 842 4446 eo
870 4379 971 4463 libro,
1003 4377 1058 4443 nbi
1083 4375 1196 4463 quales
1219 4399 1290 4458 esse

1020 4486 1076 4540 38·
