2984 5030
692 310 940 374 -618-

234 475 419 556 φωτίζεται.
463 473 580 554 σαφῶς
607 473 693 556 γοῦν
722 465 741 558 ip
769 469 832 557 μὲν
858 467 942 538 κατὰ
971 464 1076 537 αύτὸν
1106 477 1275 558 θερμασία
1297 471 1386 558 μέχρι
1471 497 1472 504 “

234 581 362 646 πολλοῦ
390 578 556 666 ὸιαμίνει,
584 572 649 646 κᾶν
675 582 828 668 χωρισθῇ
858 575 896 647 τὸ
925 587 1131 665 θερμαῖνον,
1162 573 1324 658 ὡσαύτως
1354 579 1387 646 ti

234 684 290 752 καί
315 681 335 772 ἡ
359 687 456 767 νύξις
478 683 590 754 ούκίτι
608 685 776 772 παρόντος
797 690 859 755 τοῦ
877 687 1055 774 νύχοντος,
1082 683 1100 774 ίχ
1125 686 1161 755 δὲ
1181 682 1269 774 αύγίχ
1289 713 1388 772 ταρα-

235 795 344 879 χρῆμα
376 795 421 884 τῷ
453 801 630 880 φωτίζοντι
663 795 914 882 συναπέρχεται.
963 801 1118 881 φαίνεται
1152 793 1189 862 ot
1222 793 1276 863 καί
1310 795 1388 863 ruric

206 897 292 978 urta
310 897 471 988 άρτιχρίοις
491 897 508 990 ἡ
528 899 612 990 αύτίχ
632 901 744 988 φύσις.
776 900 901 990 ὁμοίως
919 907 1005 990 γοῦν
1022 917 1093 982 τοῖς
1107 899 1241 988 νεύροις
1259 902 1315 970 καί
1334 895 1388 970 αι’·-

233 1034 286 1076 ται
310 1011 551 1096 θιατμιχθεῐσαί
569 1035 605 1078 τε
623 1011 678 1078 καί
701 1009 813 1102 βρόχῳ
833 1015 1072 1098 ὸιαίηφθεῑσαι
1094 1007 1260 1096 άσφιαττοι
1280 1017 1387 1096 γίνον-

232 1142 298 1200 ται,
321 1125 534 1202 στεριχθεῑσαι
559 1113 633 1204 οὐχ,
656 1115 701 1198 ὡς
721 1115 977 1206 Ἐρασίστρατος
1001 1129 1116 1202 οιέται,
1139 1115 1311 1202 τοῦπαρὰ
1334 1121 1389 1204 τῆς

232 1228 373 1310 καρὸίας
394 1225 663 1313 ἐπιπεμπομένου
680 1226 868 1314 πνεύματος
886 1267 930 1278 -
949 1229 1114 1295 ὁίδεικται
1138 1223 1203 1312 γάρ
1223 1225 1261 1293 εἰι
1279 1223 1389 1306 ἄλλοις

233 1327 293 1418 ὑφ’
325 1328 420 1420 ἡμῶν
447 1329 619 1402 ἀδύνατον
646 1339 745 1404 τοῦτο
774 1335 993 1424 ὸειχθὴσετιιί
1015 1360 1051 1403 τε
1077 1335 1132 1402 καί
1163 1337 1229 1402 νῦν
1257 1335 1296 1402 ἐν
1323 1349 1388 1414 τοῖς

194 1461 219 1498 ¹⁰
234 1440 361 1526 ἐφεξῆς,
385 1437 431 1520 ὡς
452 1441 560 1530 μηδὲν
581 1446 627 1536 τῷ
654 1442 744 1533 λόγῳ
771 1449 899 1511 λείπειν
924 1485 983 1528 -,
1010 1439 1094 1511 ἀλλὰ
1118 1447 1164 1534 τῷ
1192 1439 1274 1522 τοὺς
1296 1446 1385 1528 χιτω-

166 1563 220 1618 ort
234 1573 297 1628 νας
327 1545 441 1616 αὐτῶν
473 1551 479 1636 Ι
513 1565 663 1638 συνεχεῖς
693 1547 900 1639 ὑπάρχοντας
931 1554 977 1644 τῷ
1009 1561 1067 1638 τῆς
1094 1554 1236 1636 καρδίας
1263 1549 1383 1636 στόματι

233 1654 323 1740 παρὰ
347 1657 479 1726 ε’κείνον
505 1657 568 1745 τὴν
598 1658 746 1747 δύναμιν
774 1661 996 1746 εἀιρρεόνσαν
1023 1667 1131 1746 ίσχειν
1161 1653 1223 1726 άεί.
1272 1657 1386 1726 κοινὸν

232 1762 295 1850 μὲν
318 1755 383 1832 οὖν
405 1761 546 1834 άαιισών
576 1768 646 1834 ἐστι
673 1771 742 1836 τῶν
765 1771 974 1854 αἰσθητικῶν
1002 1765 1183 1854 δυνάμεων
1211 1761 1277 1834 άπὸ
1302 1767 1385 1852 ἐγκε-

233 1869 345 1956 φάλου
371 1872 434 1960 τὴν
462 1870 569 1962 ἀρχὴν
597 1875 747 1961 ἐχουσῶν
773 1875 938 1960 φέρεσθαι
967 1871 1023 1942 otri
1052 1876 1120 1942 τῶν
1153 1873 1286 1960 νεύρων
1312 1871 1382 1960 άχρι

194 1981 301 2046 ιῠτῶν
324 1984 458 2048 οἰκείων
481 1979 651 2069 ὀργάνων·
675 1981 826 2070 oportatis
850 1981 885 2050 ὸὲ
909 1979 992 2050 κατά
1017 1980 1079 2068 τίχν
1107 1977 1230 2050 ούσίαν
1253 1981 1291 2050 τὸ
1315 1985 1383 2050 νεύ-

232 2111 296 2172 ρον
319 2083 457 2176 ὑπάρχει
485 2091 530 2181 τῷ
559 2089 746 2182 ἐγκεφάλῳ,
776 2089 864 2178 πλὴν
892 2087 976 2158 ὅσον
1004 2087 1149 2176 ίαιλήθιχ
1180 2095 1383 2168 ὸυσααθείας

300 2255 446 2264 -..ι-η-

270 2369 283 2416 1
303 2361 375 2430 γοῦν
394 2383 446 2416 τιατ
479 2381 570 2416 cruror
591 2383 605 2427 η
627 2381 680 2430 μετ
693 2361 838 2430 θερμασία
852 2359 889 2416 M.
910 2391 943 2400 -
963 2366 980 2414 2
999 2357 1121 2430 διαμένει
1137 2359 1173 2414 M.
1195 2389 1229 2400 -
1248 2367 1264 2416 4
1283 2361 1380 2430 φαίη,-

232 2453 278 2488 ται
297 2433 334 2488 M.
358 2463 392 2475 -
416 2427 575 2502 θάφυττοι
595 2434 631 2488 M.
656 2465 688 2474 -
714 2427 912 2502 ὃπνεύμιιτος
930 2451 984 2488 orn.
1004 2432 1041 2486 M.
1068 2461 1101 2472 -
1126 2439 1158 2486 15
1182 2431 1215 2486 δὲ
1242 2435 1289 2486 rai
1312 2429 1379 2486 ιιατί

231 2505 311 2562 coda
331 2505 394 2561 edd.
414 2503 445 2562 δὲ
466 2501 539 2559 κατὰ
564 2523 627 2572 nos;
652 2505 918 2576 cs.l‘r011.p.112.
943 2536 974 2545 —
1005 2512 1035 2560 16
1060 2497 1200 2574 ὑπάρχειν
1224 2505 1304 2560 codd.
1322 2503 1379 2559 suu
1476 2535 1477 2550 ι

231 2571 353 2648 ύαάρχει
372 2595 436 2644 τοις
457 2577 491 2634 et.
510 2578 595 2634 Proll.
615 2595 641 2648 p.
662 2583 705 2634 99.
726 2609 759 2618 -
1476 2579 1477 2600 ι

232 2745 446 2756 ..ιι-ι.-

231 2853 323 2920 οιιΙοτ
345 2853 469 2919 diutius
494 2853 546 2917 rel
569 2857 695 2918 semoto
719 2873 767 2935 eo,
791 2851 878 2938 quod
896 2849 1058 2933 ealefacit,
1081 2849 1259 2917 manifesto
1283 2871 1378 2916 rema·

231 2967 297 3044 net,
316 2949 398 3027 ‘item
422 2961 527 3047 frigor
546 2961 679 3026 absente
700 2961 765 3024 iam
785 2960 853 3042 illo,
876 2959 961 3044 quod
985 2957 1141 3044 trigidum
1161 2957 1254 3042 facit3
1277 2959 1380 3036 fulgor

231 3073 347 3135 contra
383 3070 496 3134 statim
530 3091 604 3134 cum
637 3091 689 3154 eo,
722 3069 807 3154 quod
840 3067 1000 3150 illustrat,
1033 3065 1206 3132 evanescit.
1261 3067 1379 3132 Eadem

230 3181 347 3242 natura
371 3177 405 3242 in
429 3177 558 3242 arteriis
583 3177 736 3242 cernitur.
786 3175 874 3252 Quae
899 3178 932 3239 et
954 3175 1047 3260 ipsae
1074 3175 1209 3258 perinde
1232 3197 1271 3240 ao
1294 3173 1379 3241 uerri

230 3284 390 3350 dissectae
414 3285 464 3350 rel
488 3284 605 3371 laqueo
630 3283 825 3350 interclusae
849 3283 946 3370 pulsu
966 3281 1133 3366 orbantur,
1155 3283 1326 3370 nunquia,
1347 3287 1380 3347 ut

230 3392 453 3458 Erasistratus
477 3393 643 3477 opinatur,
667 3393 786 3478 spiritu
811 3415 830 3457 a
854 3392 949 3458 eorde
973 3391 1123 3458 immisso
1147 3391 1319 3476 privantur
1339 3425 1380 3438 -·

230 3499 293 3567 hoo
317 3500 403 3566 enim
428 3501 499 3568 fieri
521 3525 587 3568 non
611 3524 706 3586 posse
731 3508 762 3565 et
788 3499 868 3566 alibi
893 3523 911 3564 a
934 3499 1031 3564 nobis
1050 3500 1312 3566 demonstratum
1334 3504 1381 3562 est

230 3611 264 3673 et
286 3629 381 3693 nuno,
403 3631 444 3675 ne
468 3609 546 3696 quid
565 3609 780 3694 disputationi
800 3609 894 3692 desit,
917 3606 1127 3692 postmodum
1150 3605 1380 3674 demonstrabi-

231 3720 285 3781 tur
321 3753 380 3799 -,
417 3717 472 3782 sed
510 3722 683 3804 propterea
715 3717 801 3802 quod
835 3717 963 3782 tunicas
997 3739 1071 3782 oum
1108 3715 1215 3782 cordis
1249 3737 1381 3801 corpore

230 3845 370 3890 conexas
389 3823 522 3910 habeut,
541 3847 624 3913 quae
644 3826 685 3892 ab
705 3849 743 3890 eo
768 3825 833 3890 rim
854 3825 1043 3890 influentem
1062 3823 1192 3890 assidue
1212 3823 1383 3910 accipiunt.

231 3929 411 3998 Commune
444 3933 546 4019 igitur
574 3939 624 3998 est
651 3935 797 4000 omnium
829 3955 983 3999 sensuum
1011 3931 1219 4014 facultatum,
1251 3955 1333 4019 quae
1364 3957 1382 3996 a

230 4038 364 4106 cerebro
391 4041 554 4124 oriuntur,
583 4065 640 4126 per
668 4065 784 4108 nervos
813 4041 854 4106 ad
883 4041 1018 4127 propria
1050 4041 1270 4106 instrumenta
1298 4039 1384 4106 ferri.

230 4147 277 4214 Ar
299 4171 434 4214 nervum
459 4149 594 4215 eundem
619 4173 691 4216 eum
711 4149 844 4215 cerebro
869 4149 1087 4214 substantiam
1107 4147 1228 4216 habere
1247 4153 1386 4232 constat,

229 4257 294 4324 nisi
318 4255 417 4343 quod,
445 4263 605 4342 quatenus
630 4258 849 4342 compactiore
874 4257 1013 4324 materia
1037 4263 1101 4340 est,
1124 4279 1164 4322 ue
1187 4258 1265 4344 quid
1290 4257 1386 4324 facile

232 4387 251 4430 a
278 4365 423 4450 qualibet
454 4387 488 4430 re
516 4364 675 4449 patiatur,
704 4380 837 4431 eatenus
867 4389 886 4432 a
909 4366 1033 4432 cerebri
1061 4371 1180 4432 natura
1210 4367 1387 4434 recessisse
