2978 5030
14 2203 33 2238 t.

680 262 837 330 --τιι
883 300 925 312 -

225 423 405 509 ’καλοῦμεν
433 415 537 509 αἷμα]
586 419 650 508 τῆν
677 419 829 508 ἐρυθρὰν
861 419 967 510 χρόαν
995 425 1186 508 γεννᾶσθαί
1210 445 1317 512 φησιν
1349 427 1392 496 έν

224 533 269 622 τῷ
298 533 411 617 αἵματι
441 527 497 598 dccl
525 527 588 618 τῆν
615 532 676 598 τοῦ
703 527 809 616 πυρὸς
843 529 1032 617 ε’ξόμορξιν,
1065 527 1147 616 ὅπερ
1180 532 1273 600 ε’στῖν
1305 531 1390 604 οἷον

226 637 427 719 έναπόδεσις
452 639 512 726 τῆς
539 631 645 704 αὐτοῦ
671 635 849 724 ποιότητός
875 664 909 706 τε
938 637 993 706 καὶ
1021 637 1208 726 δυνάμεως·
1237 639 1321 711 ὥστε
1349 646 1390 712 εἰτ

224 745 373 832 κράσεως
395 748 456 814 τοῦ
478 771 514 812 τε
536 743 714 830 πυρώδους
732 750 900 832 στοιχείου
923 743 1055 834 καὶτῆς
1078 747 1260 835 δεξαμένης
1282 747 1392 838 όγρό

196 872 321 941 ῡτητος
344 851 425 922 αὐτὸ
451 854 640 940 γεννᾶσθαί
660 873 743 939 φησι
767 853 803 920 τὸ
829 846 920 938 αἷμα.
965 855 1024 940 τῆς
1047 851 1083 920 δὲ
1113 849 1298 942 ὑγρότητος
1320 858 1390 928 οὐκ

225 958 385 1050 ἀκριβοῦς
416 958 538 1039 ὕδατος
570 956 683 1044 ὄντος,
721 955 805 1026 ἀλλά
838 987 868 1027 τι
894 959 955 1050 ,καὶ
993 963 1116 1047 γεῶδες
1148 960 1306 1050 ἐχούσης,
1338 964 1391 1046 ὡς

225 1073 326 1156 δηλοῖ
346 1068 383 1137 τὸ
408 1065 513 1156 πάχος
536 1061 657 1152 αὐτοῦ,
682 1067 715 1148 ἐξ
738 1063 898 1134 ἀπάντων
922 1067 1089 1156 ἐγεννήθη
1112 1065 1150 1138 τὸ
1175 1063 1257 1157 αἷμα
1279 1095 1390 1158 προσ-

224 1176 400 1264 λαμβάνον
427 1177 461 1258 έξ
483 1171 636 1262 ’ἀνάγκης
666 1200 697 1242 τι
725 1175 779 1242 καὶ
812 1177 871 1260 τῆς
897 1170 1069 1261 ἀερώδους
1103 1173 1236 1262 οὐσίας,
1267 1175 1315 1259 ὦς
1347 1183 1390 1248 έν

224 1284 349 1372 ἑτέροις
372 1285 546 1352 δέδεικται.
595 1287 749 1368 φαίνεται
781 1286 965 1368 τοιγαροῦν
991 1279 1056 1350 κάν
1084 1282 1216 1365 τούτοις
1243 1282 1261 1354 ὁ
1291 1287 1389 1356 Πλά-

185 1412 210 1452 10
223 1419 292 1461 των
315 1391 476 1482 ἑπόμενος
498 1393 543 1482 τῷ
557 1387 775 1478 Ἱπποκράτει.
812 1388 849 1456 τὸ
870 1385 934 1476 γὰρ
953 1395 1103 1478 ἔμφυτον
1122 1391 1252 1479 θερμὸν
1271 1403 1389 1464 αι’τιον

223 1497 315 1569 εἶναι’
333 1520 416 1588 φησι
440 1503 498 1587 τῆς
520 1525 550 1566 τι
575 1496 657 1566 κατὰ
684 1495 748 1586 τῆν
771 1497 914 1584 γαστέρα
937 1498 1066 1578 πέψεως
1093 1501 1161 1568 των
1185 1507 1303 1570 σιτίων
1327 1506 1386 1571 καλ

222 1612 281 1696 τῆς
304 1609 464 1676 ἐντεῦθεν
487 1611 534 1686 etc
559 1597 646 1695 ῆπάρ
669 1632 704 1673 τε
727 1605 782 1674 καὶ
801 1607 928 1692 φλέβας
950 1601 1144 1688 ἀναδόσεως
1167 1608 1222 1676 καὶ
1245 1613 1385 1696 προσέτι

222 1719 281 1804 τῆς
302 1713 517 1804 αι’ματοόσεως
538 1714 594 1782 καὶ
617 1717 675 1801 τῆς
699 1717 746 1794 εἰς
769 1710 851 1781 ὅλον
874 1710 911 1782 τὸ
941 1715 1036 1801 στόμα
1059 1719 1178 1802 φορᾶς.

184 1842 210 1882 ¹⁴
310 1820 366 1892 Ἐν
390 1823 505 1912 μέντοι
524 1825 564 1912 τῆ
582 1823 658 1908 περὶ
681 1817 855 1908 ἀναπνοῆς
878 1819 959 1910 δόξη
980 1822 1143 1912 διηνέχθη
1167 1821 1251 1911 πρὸς
1274 1823 1385 1895 αὐτὸν

158 1927 267 2002 rosor}
289 1929 423 2019 σμικρά,
446 1930 666 2018 πρῶτονμὲν
689 1931 733 2020 τῷ
758 1931 921 2015 διαπνοῆς
943 1931 1073 2016 μᾶλλον
1097 1933 1102 2020 Ι
1127 1937 1239 2000 αἰτίαν
1262 1937 1384 2020 εἰπεῖν,

224 2035 286 2109 οὐκ
318 2035 505 2126 ἀναπνοῆς,
541 2035 612 2107 εἶτα
644 2034 724 2106 οὐδὲ
757 2033 879 2123 ταύτης
914 2031 1100 2124 ἀμέμπτως.
1152 2035 1287 2130 ἀναιρεῖ
1315 2041 1384 2132 γὰρ

259 2299 275 2348 3
296 2287 327 2348 ἕν
346 2287 490 2346 ἀπόθεσιν
508 2289 546 2345 Μ.
571 2321 605 2330 -
630 2283 740 2346 sedet
761 2289 821 2342 AB.
843 2319 874 2329 -
899 2288 972 2358 φημὶ
996 2290 1085 2345 llas
1109 2311 1179 2360 φησι
1198 2291 1280 2348 Corn.
1299 2293 1383 2351 cult.

223 2395 256 2404 -
285 2371 317 2420 12
337 2359 460 2432 έντῆθτν
479 2362 511 2420 Ρ,
536 2392 568 2402 -
598 2368 629 2416 13
650 2361 742 2430 φορᾶς
761 2379 790 2415 τε
811 2359 858 2413 καλ
878 2359 993 2423 πέψεως
1016 2363 1096 2418 codd.
1122 2363 1185 2418 edd.
1212 2385 1240 2418 τε
1261 2365 1308 2419 καὶ
1329 2367 1382 2422 ιε’·

222 2447 300 2498 esee
318 2435 482 2491 delevimus.
509 2463 541 2474 -
567 2441 599 2488 rt
624 2429 695 2502 πρὸς
715 2429 805 2486 aaa
828 2431 878 2486 FP
898 2431 979 2487 Corn.
1003 2455 1049 2500 πρ.
1075 2430 1181 2490 ἔαυτόν
1204 2437 1382 2493 MABChK.

222 2539 256 2548 -
278 2515 311 2562 15
331 2505 362 2562 τὸ
382 2501 422 2562 δι’
443 2504 590 2574 ἀναπνοῆς
611 2505 638 2560 lt
658 2505 693 2576 τῷ
715 2501 754 2558 δι’
775 2499 880 2560 α’ναπν.
899 2505 952 2559 ΑΒ
971 2501 1003 2560 τὸ
1023 2507 1164 2578 διαπνοῆς
1182 2507 1205 2562 Ρ
1224 2511 1262 2580 τῷ
1282 2512 1382 2564 dun.

222 2579 244 2634 F
263 2579 343 2634 Corn.
363 2578 443 2634 CHK.
464 2609 497 2619 -

223 2797 453 2885 sangninem
481 2792 746 2864 nominemus?
797 2793 945 2860 Rubrum
974 2796 1117 2864 colorem
1145 2799 1238 2886 gigni
1266 2800 1315 2866 eit
1347 2801 1384 2866 in

222 2905 382 2992 sanguine
406 2905 448 2971 ob
473 2906 559 2992 ignis
579 2905 791 2987 abstersione,
814 2903 877 2970 hoc
897 2907 947 2968 est
970 2907 1139 2991 tamquam
1162 2907 1384 2993 impressione

222 3013 393 3098 qualitatis
417 3013 486 3078 eius
511 3017 544 3078 et
567 3012 746 3096 facultatis,
770 3017 806 3076 ut
830 3033 868 3076 ox
893 3011 981 3098 ignei
1001 3013 1155 3079 clementi
1175 3019 1208 3080 et
1230 3015 1381 3082 humoris

222 3120 255 3186 id
278 3120 470 3206 excipientis
494 3121 653 3187 mixtione
678 3122 747 3204 ipse
777 3119 910 3204 sanguis
935 3119 1106 3186 efficiatur.
1143 3119 1383 3190 Verumtamen

222 3251 295 3294 curn
318 3227 437 3294 humor
459 3250 525 3294 non
554 3251 636 3314 pure
665 3251 750 3313 aqua
777 3227 835 3310 sit,
864 3225 920 3291 sed
950 3225 1131 3294 admixtum
1159 3231 1259 3296 etiam
1287 3233 1383 3318 quid·

221 3335 298 3401 dem
322 3339 486 3401 terrenum
511 3333 647 3420 lrabeat,
675 3335 761 3422 quod
785 3335 968 3400 crassitudo
993 3335 1129 3422 indicat,
1157 3360 1196 3402 cx
1226 3338 1382 3404 euntibus
1474 3387 1475 3392 η

222 3443 355 3530 sanguis
380 3444 514 3510 effoetus
539 3447 589 3508 est
612 3445 723 3530 aliquo
746 3445 847 3508 etiam
871 3449 984 3508 ndreae
1008 3443 1211 3510 substantiae
1235 3446 1384 3530 portiun-

222 3550 296 3617 cula
319 3555 477 3636 assumto,
500 3555 537 3616 ut
561 3551 641 3616 alibi
660 3551 861 3617 declaratum
885 3555 944 3616 est.
981 3551 1129 3636 Apparet
1152 3551 1256 3638 igilur
1278 3554 1382 3620 etiarn

221 3660 256 3728 in
284 3657 337 3724 his
360 3657 533 3725 Platonem
562 3659 652 3745 sequi
677 3659 927 3744 Hippocratem,
956 3680 1030 3723 eum
1059 3658 1207 3725 innatum
1236 3660 1382 3728 calorem

222 3787 355 3832 oausam
381 3788 451 3830 esse
476 3765 619 3832 affirmet
641 3767 863 3832 consectionis
883 3765 1030 3832 ciborum
1055 3767 1089 3832 in
1113 3773 1225 3834 ventre
1249 3775 1282 3834 et
1304 3767 1382 3834 inde

221 3875 255 3942 in
279 3873 368 3940 iecur
391 3895 553 3960 venasque
577 3873 781 3962 digestionis,
805 3877 974 3959 praeterea
997 3873 1031 3938 in
1055 3875 1250 3960 sanguinem
1274 3881 1381 3942 mute-

220 3981 322 4048 tionis
346 3981 479 4066 eiusque
502 4004 561 4068 per
584 3986 692 4048 totum
717 4005 834 4067 corpus
857 3979 1064 4048 dilectionis.

310 4087 349 4154 In
372 4090 534 4154 sententia
563 4089 736 4155 tumendo
765 4089 982 4176 respiratione
1010 4110 1076 4154 non
1104 4089 1312 4156 mediocriter
1336 4093 1380 4158 ab

221 4217 260 4262 eo
279 4193 444 4282 discrepat·
458 4218 496 4262 ae
516 4197 658 4283 primurn
678 4197 808 4283 quidem
828 4219 876 4281 co,
895 4197 982 4284 quod
1001 4195 1261 4282 perspirutionis,
1280 4221 1380 4285 quam

222 4299 390 4390 διαπνοήν
422 4309 555 4389 recent,
587 4305 699 4390 potius
731 4327 830 4392 quam
858 4303 1086 4392 respirationis
1114 4326 1247 4372 causam
1269 4307 1381 4396 effert.
