2978 5030
611 287 859 354 -663-

143 449 315 536 τρεύομαι
350 444 458 535 ἀρχῆν
490 443 555 518 ἀπὸ
589 449 658 516 τῶν
689 451 843 533 φυσικῶν
876 455 1050 536 στοιχείων·
1078 451 1311 542 ποιησάμενος.

147 553 346 642 ὀνομάζεται
378 555 441 642 μὲν
469 547 533 623 οὖν
565 569 742 643 στοιχεῖον,
774 554 855 643 ὅπερ
885 551 929 624 ἂν
959 557 1134 645 ἐλάχιστον
1163 551 1182 652 ῆ
1210 562 1312 650 με’ρος

146 665 284 732 ἐκείνου
311 667 374 731 τοῦ
401 661 609 750 πράγματος,
638 655 742 750 οὗπερ
770 659 815 730 ἂν
842 654 862 752 ῆ
890 680 1069 751 στοιχεῖον·
1097 669 1133 736 ἐκ
1160 667 1225 756 γὰρ
1252 673 1331 758 τῆς

144 769 235 858 πρός
261 797 292 838 τι
321 775 524 858 κατηγορίας
559 771 650 838 ε’στίν
684 768 702 856 ῆ
734 785 901 858 στοιχεῖον
927 771 1043 860 φωνῆ,
1075 775 1229 865 καθάπερ
1255 777 1311 846 καὶ

145 881 212 948 τοῦ
234 879 368 968 με’ρους.
412 877 451 946 τό
474 905 508 946 τε
533 877 597 964 γὰρ
621 893 787 964 στοιχεῖον
814 876 907 958 τινός
934 879 1001 948 ἐστι
1026 897 1193 970 στοιχεῖον
1214 883 1253 955 τό
1275 905 1338 956 τεῦ

145 987 252 1076 μέρος
273 984 367 1066 τινός
386 985 454 1054 ἐστι
474 986 583 1072 μέρος.
619 983 731 1072 ῶσπερ
755 977 819 1054 οὖν
836 988 894 1072 τῆς
911 991 1030 1074 φωνῆς
1054 984 1161 1076 ῆμῶν,
1183 983 1204 1082 ᾗ
1226 992 1311 1081 χρῶ-

145 1103 239 1184 μεθα
268 1091 504 1180 διαλεγίμενοι
532 1093 616 1180 πρὸς
643 1087 823 1181 ἀλλήλους,
852 1093 992 1181 τέτταρα
1023 1095 1078 1164 καί
1107 1105 1217 1168 εἴκοσί
1241 1100 1310 1169 ἐστι

146 1216 313 1290 στοιχεῖα,
345 1199 429 1269 κατὰ
460 1199 520 1270 τὸν
549 1197 656 1270 αιίτον
687 1198 815 1287 τρόπον
845 1197 1006 1271 ἁπάντων
1036 1207 1107 1272 τῶν
1138 1209 1310 1294 γεννητῶν

146 1311 204 1379 καὶ
232 1313 401 1397 φθαρτῶν
428 1307 595 1394 σωμάτων
624 1311 630 1392 Ι
659 1301 814 1395 ἐλάχιστα
842 1307 945 1396 μόρια
972 1313 1014 1397 γῆ
1041 1311 1097 1380 καί
1125 1308 1191 1400 ἆῆρ
1219 1313 1377 1390 iduvum

146 1417 243 1504 ι”ιὸωρ
278 1443 313 1486 τε
341 1415 396 1484 καὶ
424 1417 509 1502 πῦρ,
541 1417 719 1501 ἐλαχίστου
745 1417 930 1504 λεγομένου
960 1419 1023 1485 τοῦ
1054 1420 1169 1505 μηκέτι
1201 1419 1309 1509 τομῆν
1324 1443 1351 1484 ιι

145 1527 388 1613 ε’γχωροῦντος.
445 1518 463 1610 ῆ
492 1521 555 1608 μὲν
591 1522 656 1610 γὰρ
688 1521 831 1592 κατὰτὸ
864 1525 1008 1612 με’γεθος
1040 1527 1125 1614 τομῆ
1153 1531 1309 1597 τοιοῦτον

146 1630 253 1702 οὐόὶν
283 1629 460 1719 ἐλάχιστον
487 1635 570 1717 ἔχει,
599 1628 687 1718 μόνη
719 1631 754 1698 di
786 1628 804 1718 ῆ
835 1631 919 1700 κατὰ
948 1629 1038 1713 εἶδος
1064 1635 1199 1704 ἵσταταί
1216 1660 1309 1723 ποτε,

144 1737 302 1826 καθάπερ
326 1738 379 1806 ἐπὶ
403 1739 463 1824 τῆς
484 1741 611 1825 φωνῆς.
652 1735 756 1826 οὔσης
778 1738 843 1825 γάρ
866 1765 959 1820 τινος
981 1741 1151 1810 συνθέτου
1172 1745 1309 1814 τοιᾶσδε

354 1847 458 1932 μῆνιν
480 1841 587 1929 ἄειδε,
610 1844 692 1932 θεά,
716 1845 919 1934 Πηληϊάδεω
940 1842 1101 1934 Ἀχιλῆος,

146 1955 210 2044 ὅλη
233 1955 296 2044 μίν
320 1954 413 2022 ἐστιν
435 1949 534 2040 αὕτη,
561 1953 644 2040 με’ρη
669 1952 705 2021 dt
734 1953 772 2022 τὸ
800 1957 904 2042 μῆνιν
927 1953 982 2022 καί
1011 1951 1049 2024 td
1076 1953 1167 2026 ἄειδε
1190 1957 1245 2026 καί
1268 1956 1306 2028 τὸ
1324 1979 1349 2020 ¹⁸

144 2063 214 2135 θεά
236 2063 292 2132 καί
316 2059 353 2130 τὸ
382 2058 585 2148 Πηληϊάδεω
608 2059 663 2128 καί
691 2058 729 2129 τὸ
750 2057 908 2148 Ἀχιλῆος.
953 2063 1094 2132 ἕκαστον
1118 2062 1154 2132 οὲ
1178 2063 1309 2134 τούτων

185 2287 199 2336 1
221 2282 367 2348 στοιχείων
391 2277 420 2333 iu
447 2293 500 2332 ms.
520 2275 557 2331 M.
584 2305 617 2318 ·-
643 2283 659 2332 3
683 2272 739 2346 γὰρ
762 2276 813 2332 τοῦ
837 2279 889 2348 τῆς
911 2279 992 2335 codd.
1012 2279 1075 2335 cdd.
1102 2274 1172 2350 *γάρ
1194 2299 1238 2335 τοι
1263 2282 1309 2338 vel

145 2351 298 2408 delendum
322 2349 391 2406 τοῦ’
417 2347 500 2404 Corn.
524 2348 575 2403 τοῦ
600 2347 744 2414 decimum
769 2349 803 2404 ct.
828 2349 914 2406 Pron,
937 2369 964 2422 p.
991 2359 1050 2406 112.
1074 2381 1110 2393 -
1133 2359 1308 2422 8στοιγείον

146 2427 183 2482 M.
205 2455 236 2465 -
267 2429 299 2477 10
318 2421 349 2478 u
370 2419 526 2492 λεγομένου
544 2419 624 2475 codd.
644 2419 707 2475 cdd.
732 2419 762 2476 ὸὲ
786 2421 926 2478 οἰνοίωοι.
947 2453 980 2464 -
1006 2429 1038 2478 14
1063 2421 1100 2478 dt
1120 2439 1172 2494 pro
1191 2419 1250 2478 θεῶ
1270 2425 1307 2480 M.

146 2529 179 2539 ...
201 2491 333 2566 ἆχιλλῆος
352 2493 394 2560 (it.
414 2511 439 2548 v,
461 2495 505 2561 16)
524 2491 562 2547 M.
583 2523 616 2534 -
638 2499 670 2547 m
689 2487 852 2561 τηληαίὸεω
873 2493 902 2550 M
922 2489 1079 2564 πηληιῶόευ
1098 2497 1132 2550 A.
1152 2523 1186 2536 -

145 2635 361 2648 ,-

145 2718 203 2804 pio
233 2741 251 2782 a
280 2711 488 2782 naturalibus
521 2710 689 2776 clcmcntis
719 2715 836 2778 sumto.
889 2713 1097 2781 Elcmcntum
1121 2715 1308 2802 appellatur

146 2823 283 2892 minima
316 2845 392 2908 pars
420 2821 490 2886 cius
523 2819 585 2904 rei,
616 2821 708 2887 cuius
742 2827 792 2886 cst
829 2823 1038 2910 clcmcntum3
1073 2845 1110 2890 ex
1146 2823 1306 2891 relatione

145 2931 233 2998 cuim
257 2931 298 2998 ud
322 2931 445 3017 aliquid
470 2951 531 2995 vox
560 2928 710 2994 clcmcuti
736 2931 878 3016 capitur,
908 2931 1181 3016 quemadmodum
1206 2931 1306 2998 ctiam

146 3040 261 3126 partis.
308 3037 395 3104 Num
420 3041 452 3102 ct
481 3037 678 3102 clcmcntum
707 3037 842 3102 alicuius
873 3043 923 3104 cst
952 3039 1149 3106 clementum
1173 3041 1206 3104 ct
1228 3059 1306 3124 pars

145 3147 284 3214 alicuius
304 3169 390 3231 pars.
434 3145 713 3222 Quemadmodum
734 3145 836 3230 igitur
855 3147 942 3212 vocis
961 3151 1104 3230 nostrae,
1122 3169 1187 3232 quc
1206 3145 1305 3213 collo·

144 3261 282 3342 qucutcs
305 3255 391 3320 inter
414 3275 474 3318 ιιοε·
499 3251 635 3336 utimur,
658 3259 813 3336 quattuor
837 3259 868 3320 ct
893 3255 1011 3340 viginti
1037 3253 1194 3319 clcmcutn
1222 3259 1306 3338 suut,

145 3366 195 3430 itu
219 3363 364 3428 omnium
384 3383 567 3446 corporum,
591 3382 673 3446 quac
693 3361 874 3446 gignuntur
898 3367 930 3426 ct
954 3363 1127 3444 iutcrcuut
1151 3361 1305 3428 minimuc

145 3471 328 3558 particulae
357 3473 433 3534 sm1t
461 3475 562 3552 tcma,
587 3473 655 3550 οὖν,
679 3491 779 3554 aqua,
802 3469 902 3555 iguis,
931 3469 963 3534 in
988 3491 1052 3555 quo
1076 3469 1247 3534 minimum
1273 3467 1305 3534 id

143 3577 279 3662 dicitur,
310 3575 395 3663 quud
428 3599 495 3642 uon
528 3575 670 3660 amplius
699 3575 896 3642 divisionem
926 3577 1080 3642 admittit.
1130 3573 1306 3658 Nimirum,

142 3709 227 3772 quac
271 3683 445 3750 sccundum
491 3684 748 3765 maguitmtincm
794 3684 911 3750 divisio
950 3687 1000 3768 tit,
1041 3683 1168 3748 nullum
1205 3681 1307 3748 hubct

143 3790 368 3862 huiuscemodi
398 3791 584 3876 minimuum
613 3789 683 3876 scd,
719 3813 801 3878 quac
835 3791 1009 3878 aliquando
1038 3791 1204 3874 consistit,
1233 3791 1301 3856 solu

142 3901 266 3987 npccici
291 3901 393 3966 scctio
418 3905 482 3984 cst,
506 3899 607 3964 ccluti
631 3898 666 3964 iu
691 3921 778 3966 vocc.
826 3899 914 3978 Quuc
945 3901 971 3964 si
1001 3899 1034 3965 iu
1062 3899 1149 3966 huuc
1173 3897 1304 3964 modum

143 4008 328 4094 composita
354 4011 421 4074 cst:

302 4115 390 4182 Iram
415 4113 544 4181 l‘clidac
569 4137 712 4200 mecum,
735 4115 809 4198 dca,
834 4114 968 4182 concine
993 4113 1148 4198 Achillis,

143 4225 218 4310 ipsa
238 4223 367 4308 quidcm
388 4228 457 4288 totu
474 4238 533 4306 cst,
552 4227 662 4309 partus
679 4227 788 4288 autcm
805 4232 880 4288 suut
897 4223 990 4306 iram,
1008 4221 1148 4306 Pelidae,
1167 4243 1304 4304 mccum,

144 4332 217 4420 dcc,
241 4331 389 4418 coucinc,
412 4329 559 4398 Achillis.
605 4329 733 4396 Harum
759 4353 970 4416 unaquaeque
994 4329 1028 4396 in
1056 4327 1201 4414 syllabus
1225 4327 1304 4394 din·-
