<?xml version="1.0" encoding="UTF-8"?>
<!DOCTYPE html PUBLIC "-//W3C//DTD XHTML 1.0 Transitional//EN"
    "http://www.w3.org/TR/xhtml1/DTD/xhtml1-transitional.dtd">
<html xmlns="http://www.w3.org/1999/xhtml" xml:lang="en" lang="en">
 <head>
  <title>
</title>
<meta http-equiv="Content-Type" content="text/html;charset=utf-8" />
  <meta name='ocr-system' content='tesseract 3.04.00' />
  <meta name='ocr-capabilities' content='ocr_page ocr_carea ocr_par ocr_line ocrx_word'/>
</head>
<body>
  <div class='ocr_page' id='page_1' title='image "./claudiigalenide01mlgoog_0031.png"; bbox 0 0 2942 5008; ppageno 0'>
   <div class='ocr_carea' id='block_1_1' title="bbox 701 323 923 390">
    <p class='ocr_par' dir='ltr' id='par_1_1' title="bbox 701 323 923 390">
     <span class='ocr_line' id='line_1_1' title="bbox 701 323 923 390; baseline 0.005 -20"><span class='ocrx_word' id='word_1_1' title='bbox 701 323 923 390; x_wconf 74' lang='lat'>..14-</span> 
     </span>
    </p>
   </div>
   <div class='ocr_carea' id='block_1_2' title="bbox 229 481 1416 788">
    <p class='ocr_par' dir='ltr' id='par_1_2' title="bbox 229 481 1416 788">
     <span class='ocr_line' id='line_1_2' title="bbox 231 481 1416 572; baseline -0.005 -18"><span class='ocrx_word' id='word_1_2' title='bbox 231 487 400 554; x_wconf 78' lang='lat' dir='ltr'>tellectum</span> <span class='ocrx_word' id='word_1_3' title='bbox 419 481 523 572; x_wconf 74' lang='lat' dir='ltr'>est³¹).</span> <span class='ocrx_word' id='word_1_4' title='bbox 556 482 619 551; x_wconf 86' lang='lat' dir='ltr'>Sed</span> <span class='ocrx_word' id='word_1_5' title='bbox 638 483 770 550; x_wconf 89' lang='lat' dir='ltr'>eosdem</span> <span class='ocrx_word' id='word_1_6' title='bbox 788 489 865 570; x_wconf 88' lang='lat' dir='ltr'>post</span> <span class='ocrx_word' id='word_1_7' title='bbox 884 484 1063 550; x_wconf 79' lang='lat' dir='ltr'>editionem</span> <span class='ocrx_word' id='word_1_8' title='bbox 1082 483 1238 550; x_wconf 82' lang='lat' dir='ltr'>Aldinam</span> <span class='ocrx_word' id='word_1_9' title='bbox 1256 507 1416 570; x_wconf 84' lang='lat' dir='ltr'>prorsus</span> 
     </span>
     <span class='ocr_line' id='line_1_3' title="bbox 229 591 1416 682; baseline -0.003 -20"><span class='ocrx_word' id='word_1_10' title='bbox 229 595 398 682; x_wconf 78' lang='lat' dir='ltr'>neglectos</span> <span class='ocrx_word' id='word_1_11' title='bbox 428 595 535 660; x_wconf 87' lang='lat' dir='ltr'>iacere</span> <span class='ocrx_word' id='word_1_12' title='bbox 566 615 626 659; x_wconf 87' lang='lat' dir='ltr'>nec</span> <span class='ocrx_word' id='word_1_13' title='bbox 655 614 800 678; x_wconf 89' lang='lat' dir='ltr'>anquam</span> <span class='ocrx_word' id='word_1_14' title='bbox 830 593 953 658; x_wconf 86' lang='lat' dir='ltr'>iustum</span> <span class='ocrx_word' id='word_1_15' title='bbox 984 593 1036 659; x_wconf 80' lang='lat' dir='ltr'>vel</span> <span class='ocrx_word' id='word_1_16' title='bbox 1067 591 1309 659; x_wconf 77' lang='lat' dir='ltr'>emendatorem</span> <span class='ocrx_word' id='word_1_17' title='bbox 1337 593 1416 658; x_wconf 77' lang='lat' dir='ltr'>vel</span> 
     </span>
     <span class='ocr_line' id='line_1_4' title="bbox 231 699 1414 788; baseline -0.002 -20"><span class='ocrx_word' id='word_1_18' title='bbox 231 705 453 770; x_wconf 82' lang='lat' dir='ltr'>enarratorem</span> <span class='ocrx_word' id='word_1_19' title='bbox 481 705 596 766; x_wconf 86' lang='lat' dir='ltr'>nactos</span> <span class='ocrx_word' id='word_1_20' title='bbox 624 723 696 766; x_wconf 87' lang='lat' dir='ltr'>esse</span> <span class='ocrx_word' id='word_1_21' title='bbox 724 722 798 766; x_wconf 90' lang='lat' dir='ltr'>eum</span> <span class='ocrx_word' id='word_1_22' title='bbox 826 701 1070 788; x_wconf 78' lang='lat' dir='ltr'>cognovissem,</span> <span class='ocrx_word' id='word_1_23' title='bbox 1100 699 1221 786; x_wconf 74' lang='lat' dir='ltr'>oper-&#39;ac</span> <span class='ocrx_word' id='word_1_24' title='bbox 1249 703 1414 786; x_wconf 86' lang='lat' dir='ltr'>pretium</span> 
     </span>
    </p>
   </div>
   <div class='ocr_carea' id='block_1_3' title="bbox 134 807 1414 896">
    <p class='ocr_par' dir='ltr' id='par_1_3' title="bbox 134 807 1414 896">
     <span class='ocr_line' id='line_1_5' title="bbox 134 807 1414 896; baseline -0.002 -20"><span class='ocrx_word' id='word_1_25' title='bbox 134 847 137 852; x_wconf 94' lang='lat'>·</span> <span class='ocrx_word' id='word_1_26' title='bbox 231 809 313 876; x_wconf 89' lang='lat' dir='ltr'>mihi</span> <span class='ocrx_word' id='word_1_27' title='bbox 336 809 483 874; x_wconf 73' lang='lat' dir='ltr'>doctrines</span> <span class='ocrx_word' id='word_1_28' title='bbox 507 808 597 874; x_wconf 83' lang='lat' dir='ltr'>visus</span> <span class='ocrx_word' id='word_1_29' title='bbox 622 831 708 892; x_wconf 90' lang='lat' dir='ltr'>sum,</span> <span class='ocrx_word' id='word_1_30' title='bbox 736 807 764 872; x_wconf 86' lang='lat' dir='ltr'>si</span> <span class='ocrx_word' id='word_1_31' title='bbox 789 807 931 892; x_wconf 89' lang='lat' dir='ltr'>primum</span> <span class='ocrx_word' id='word_1_32' title='bbox 955 808 1112 873; x_wconf 85' lang='lat' dir='ltr'>subsidiis</span> <span class='ocrx_word' id='word_1_33' title='bbox 1136 809 1277 891; x_wconf 87' lang='lat' dir='ltr'>criticis,</span> <span class='ocrx_word' id='word_1_34' title='bbox 1299 818 1414 896; x_wconf 82' lang='lat' dir='ltr'>qnot-</span> 
     </span>
    </p>
   </div>
   <div class='ocr_carea' id='block_1_4' title="bbox 230 913 1412 3798">
    <p class='ocr_par' dir='ltr' id='par_1_4' title="bbox 230 913 1412 2274">
     <span class='ocr_line' id='line_1_6' title="bbox 231 913 1412 1006; baseline -0.003 -22"><span class='ocrx_word' id='word_1_35' title='bbox 231 922 312 1006; x_wconf 90' lang='lat' dir='ltr'>quot</span> <span class='ocrx_word' id='word_1_36' title='bbox 335 915 417 982; x_wconf 87' lang='lat' dir='ltr'>milri</span> <span class='ocrx_word' id='word_1_37' title='bbox 440 920 574 1000; x_wconf 81' lang='lat' dir='ltr'>praesto</span> <span class='ocrx_word' id='word_1_38' title='bbox 597 921 720 999; x_wconf 81' lang='lat' dir='ltr'>essent,</span> <span class='ocrx_word' id='word_1_39' title='bbox 748 913 906 980; x_wconf 80' lang='lat' dir='ltr'>adhibitis</span> <span class='ocrx_word' id='word_1_40' title='bbox 935 920 1062 980; x_wconf 88' lang='lat' dir='ltr'>textum</span> <span class='ocrx_word' id='word_1_41' title='bbox 1089 915 1229 981; x_wconf 86' lang='lat' dir='ltr'>infinitis</span> <span class='ocrx_word' id='word_1_42' title='bbox 1254 917 1412 984; x_wconf 85' lang='lat' dir='ltr'>maculis</span> 
     </span>
     <span class='ocr_line' id='line_1_7' title="bbox 230 1022 1411 1110; baseline -0.002 -18"><span class='ocrx_word' id='word_1_43' title='bbox 230 1025 386 1110; x_wconf 78' lang='lat' dir='ltr'>vitiisque</span> <span class='ocrx_word' id='word_1_44' title='bbox 408 1023 617 1110; x_wconf 84' lang='lat' dir='ltr'>inquinatum</span> <span class='ocrx_word' id='word_1_45' title='bbox 635 1045 883 1110; x_wconf 84' lang='lat' dir='ltr'>perpurgarern,</span> <span class='ocrx_word' id='word_1_46' title='bbox 906 1022 1020 1088; x_wconf 87' lang='lat' dir='ltr'>deinde</span> <span class='ocrx_word' id='word_1_47' title='bbox 1040 1025 1295 1090; x_wconf 82' lang='lat' dir='ltr'>commentarios</span> <span class='ocrx_word' id='word_1_48' title='bbox 1318 1048 1411 1090; x_wconf 86' lang='lat' dir='ltr'>con·</span> 
     </span>
     <span class='ocr_line' id='line_1_8' title="bbox 231 1129 1409 1216; baseline -0.003 -16"><span class='ocrx_word' id='word_1_49' title='bbox 231 1134 361 1200; x_wconf 87' lang='lat' dir='ltr'>licerem</span> <span class='ocrx_word' id='word_1_50' title='bbox 383 1131 466 1198; x_wconf 88' lang='lat' dir='ltr'>locis</span> <span class='ocrx_word' id='word_1_51' title='bbox 490 1131 714 1214; x_wconf 85' lang='lat' dir='ltr'>subobscuris,</span> <span class='ocrx_word' id='word_1_52' title='bbox 742 1131 798 1216; x_wconf 88' lang='lat' dir='ltr'>qui</span> <span class='ocrx_word' id='word_1_53' title='bbox 826 1153 892 1196; x_wconf 89' lang='lat' dir='ltr'>non</span> <span class='ocrx_word' id='word_1_54' title='bbox 921 1129 1016 1216; x_wconf 91' lang='lat' dir='ltr'>pauci</span> <span class='ocrx_word' id='word_1_55' title='bbox 1041 1135 1130 1212; x_wconf 88' lang='lat' dir='ltr'>sunt,</span> <span class='ocrx_word' id='word_1_56' title='bbox 1161 1131 1286 1216; x_wconf 87' lang='lat' dir='ltr'>aliquid</span> <span class='ocrx_word' id='word_1_57' title='bbox 1310 1133 1409 1196; x_wconf 85' lang='lat' dir='ltr'>lueis</span> 
     </span>
     <span class='ocr_line' id='line_1_9' title="bbox 232 1237 1410 1317; baseline -0.003 -10"><span class='ocrx_word' id='word_1_58' title='bbox 232 1241 400 1307; x_wconf 78' lang='lat' dir='ltr'>allaturos</span> <span class='ocrx_word' id='word_1_59' title='bbox 446 1237 616 1316; x_wconf 84' lang='lat' dir='ltr'>Quomodo</span> <span class='ocrx_word' id='word_1_60' title='bbox 641 1243 751 1304; x_wconf 70' lang='lat' dir='ltr'>aretem</span> <span class='ocrx_word' id='word_1_61' title='bbox 775 1239 899 1305; x_wconf 84' lang='lat' dir='ltr'>facturn</span> <span class='ocrx_word' id='word_1_62' title='bbox 923 1240 981 1317; x_wconf 85' lang='lat' dir='ltr'>sit,</span> <span class='ocrx_word' id='word_1_63' title='bbox 1005 1243 1042 1304; x_wconf 90' lang='lat' dir='ltr'>ut</span> <span class='ocrx_word' id='word_1_64' title='bbox 1065 1237 1162 1303; x_wconf 91' lang='lat' dir='ltr'>hodie</span> <span class='ocrx_word' id='word_1_65' title='bbox 1185 1243 1314 1304; x_wconf 85' lang='lat' dir='ltr'>textum</span> <span class='ocrx_word' id='word_1_66' title='bbox 1337 1239 1410 1304; x_wconf 84' lang='lat' dir='ltr'>lra-</span> 
     </span>
     <span class='ocr_line' id='line_1_10' title="bbox 231 1345 1409 1432; baseline -0.004 -18"><span class='ocrx_word' id='word_1_67' title='bbox 231 1349 367 1415; x_wconf 79' lang='lat' dir='ltr'>beumus</span> <span class='ocrx_word' id='word_1_68' title='bbox 391 1351 444 1412; x_wconf 89' lang='lat' dir='ltr'>tot</span> <span class='ocrx_word' id='word_1_69' title='bbox 470 1345 622 1412; x_wconf 84' lang='lat' dir='ltr'>sordibus</span> <span class='ocrx_word' id='word_1_70' title='bbox 650 1346 810 1430; x_wconf 88' lang='lat' dir='ltr'>obsitum,</span> <span class='ocrx_word' id='word_1_71' title='bbox 837 1369 998 1430; x_wconf 80' lang='lat' dir='ltr'>exponere</span> <span class='ocrx_word' id='word_1_72' title='bbox 1026 1345 1121 1411; x_wconf 90' lang='lat' dir='ltr'>nobis</span> <span class='ocrx_word' id='word_1_73' title='bbox 1148 1345 1263 1429; x_wconf 88' lang='lat' dir='ltr'>liceat,</span> <span class='ocrx_word' id='word_1_74' title='bbox 1290 1347 1409 1432; x_wconf 75' lang='lat' dir='ltr'>prius-</span> 
     </span>
     <span class='ocr_line' id='line_1_11' title="bbox 231 1452 1409 1542; baseline -0.002 -22"><span class='ocrx_word' id='word_1_75' title='bbox 231 1478 329 1542; x_wconf 88' lang='lat' dir='ltr'>quam</span> <span class='ocrx_word' id='word_1_76' title='bbox 353 1454 557 1541; x_wconf 86' lang='lat' dir='ltr'>disputemus</span> <span class='ocrx_word' id='word_1_77' title='bbox 580 1452 620 1518; x_wconf 91' lang='lat' dir='ltr'>de</span> <span class='ocrx_word' id='word_1_78' title='bbox 643 1453 725 1538; x_wconf 91' lang='lat' dir='ltr'>ipsis</span> <span class='ocrx_word' id='word_1_79' title='bbox 750 1453 919 1536; x_wconf 80' lang='lat' dir='ltr'>subsidiis,</span> <span class='ocrx_word' id='word_1_80' title='bbox 947 1454 1066 1538; x_wconf 87' lang='lat' dir='ltr'>quibus</span> <span class='ocrx_word' id='word_1_81' title='bbox 1088 1452 1145 1517; x_wconf 90' lang='lat' dir='ltr'>ille</span> <span class='ocrx_word' id='word_1_82' title='bbox 1169 1454 1338 1521; x_wconf 81' lang='lat' dir='ltr'>emendari</span> <span class='ocrx_word' id='word_1_83' title='bbox 1363 1461 1409 1518; x_wconf 83' lang='lat' dir='ltr'>et</span> 
     </span>
     <span class='ocr_line' id='line_1_12' title="bbox 231 1555 1407 1649; baseline -0.003 -20"><span class='ocrx_word' id='word_1_84' title='bbox 231 1563 409 1649; x_wconf 86' lang='lat' dir='ltr'>pristinum</span> <span class='ocrx_word' id='word_1_85' title='bbox 437 1561 579 1627; x_wconf 89' lang='lat' dir='ltr'>nitorem</span> <span class='ocrx_word' id='word_1_86' title='bbox 607 1555 799 1645; x_wconf 79' lang='lat' dir='ltr'>recuperare</span> <span class='ocrx_word' id='word_1_87' title='bbox 827 1583 923 1647; x_wconf 84' lang='lat' dir='ltr'>posse</span> <span class='ocrx_word' id='word_1_88' title='bbox 946 1561 1104 1626; x_wconf 79' lang='lat' dir='ltr'>rideatur.</span> <span class='ocrx_word' id='word_1_89' title='bbox 1149 1559 1266 1646; x_wconf 77' lang='lat' dir='ltr'>Necpre</span> <span class='ocrx_word' id='word_1_90' title='bbox 1297 1564 1407 1645; x_wconf 74' lang='lat' dir='ltr'>enirn,</span> 
     </span>
     <span class='ocr_line' id='line_1_13' title="bbox 231 1665 1406 1765; baseline -0.002 -30"><span class='ocrx_word' id='word_1_91' title='bbox 231 1675 270 1735; x_wconf 88' lang='lat' dir='ltr'>nt</span> <span class='ocrx_word' id='word_1_92' title='bbox 292 1671 339 1736; x_wconf 86' lang='lat' dir='ltr'>uit</span> <span class='ocrx_word' id='word_1_93' title='bbox 354 1669 468 1734; x_wconf 74' lang='lat' dir='ltr'>Celsus</span> <span class='ocrx_word' id='word_1_94' title='bbox 492 1665 546 1755; x_wconf 85' lang='lat' dir='ltr'>(de</span> <span class='ocrx_word' id='word_1_95' title='bbox 563 1669 651 1765; x_wconf 82' lang='lat' dir='ltr'>med.</span> <span class='ocrx_word' id='word_1_96' title='bbox 670 1668 686 1732; x_wconf 94' lang='lat' dir='ltr'>l</span> <span class='ocrx_word' id='word_1_97' title='bbox 706 1669 854 1734; x_wconf 86' lang='lat' dir='ltr'>Prooern.</span> <span class='ocrx_word' id='word_1_98' title='bbox 872 1693 901 1754; x_wconf 92' lang='lat' dir='ltr'>p.</span> <span class='ocrx_word' id='word_1_99' title='bbox 921 1670 956 1746; x_wconf 73' lang='grc' dir='ltr'>ι’),</span> <span class='ocrx_word' id='word_1_100' title='bbox 975 1667 1078 1756; x_wconf 62' lang='grc'><strong>811),</strong></span> <span class='ocrx_word' id='word_1_101' title='bbox 1102 1669 1210 1734; x_wconf 86' lang='lat' dir='ltr'>curari</span> <span class='ocrx_word' id='word_1_102' title='bbox 1234 1669 1283 1753; x_wconf 89' lang='lat' dir='ltr'>id,</span> <span class='ocrx_word' id='word_1_103' title='bbox 1302 1671 1406 1755; x_wconf 61' lang='lat' dir='ltr'>,qaod</span> 
     </span>
     <span class='ocr_line' id='line_1_14' title="bbox 232 1775 1403 1864; baseline -0.004 -20"><span class='ocrx_word' id='word_1_104' title='bbox 232 1800 368 1864; x_wconf 82' lang='lat' dir='ltr'>aegrum</span> <span class='ocrx_word' id='word_1_105' title='bbox 388 1780 453 1862; x_wconf 85' lang='lat' dir='ltr'>est,</span> <span class='ocrx_word' id='word_1_106' title='bbox 475 1780 586 1860; x_wconf 85' lang='lat' dir='ltr'>potest</span> <span class='ocrx_word' id='word_1_107' title='bbox 606 1777 648 1842; x_wconf 86' lang='lat' dir='ltr'>ab</span> <span class='ocrx_word' id='word_1_108' title='bbox 672 1800 727 1848; x_wconf 80' lang='lat' dir='ltr'>eo.</span> <span class='ocrx_word' id='word_1_109' title='bbox 750 1777 820 1862; x_wconf 72' lang='lat' dir='ltr'>(pai,</span> <span class='ocrx_word' id='word_1_110' title='bbox 844 1777 920 1862; x_wconf 79' lang='lat' dir='ltr'>qrrid</span> <span class='ocrx_word' id='word_1_111' title='bbox 945 1776 1002 1858; x_wconf 83' lang='lat' dir='ltr'>sit,</span> <span class='ocrx_word' id='word_1_112' title='bbox 1026 1775 1167 1862; x_wconf 84' lang='lat' dir='ltr'>ignorat.</span> <span class='ocrx_word' id='word_1_113' title='bbox 1195 1777 1314 1862; x_wconf 84' lang='lat' dir='ltr'>Itaque</span> <span class='ocrx_word' id='word_1_114' title='bbox 1333 1801 1403 1842; x_wconf 87' lang='lat' dir='ltr'>nos</span> 
     </span>
     <span class='ocr_line' id='line_1_15' title="bbox 233 1882 1404 1968; baseline -0.001 -17"><span class='ocrx_word' id='word_1_115' title='bbox 233 1887 355 1952; x_wconf 87' lang='lat' dir='ltr'>usitato</span> <span class='ocrx_word' id='word_1_116' title='bbox 369 1884 482 1950; x_wconf 90' lang='lat' dir='ltr'>ordine</span> <span class='ocrx_word' id='word_1_117' title='bbox 497 1882 687 1967; x_wconf 87' lang='lat' dir='ltr'>disputandi</span> <span class='ocrx_word' id='word_1_118' title='bbox 701 1885 816 1950; x_wconf 82' lang='lat' dir='ltr'>relicto</span> <span class='ocrx_word' id='word_1_119' title='bbox 831 1885 975 1968; x_wconf 89' lang='lat' dir='ltr'>primum</span> <span class='ocrx_word' id='word_1_120' title='bbox 988 1883 1028 1948; x_wconf 91' lang='lat' dir='ltr'>de</span> <span class='ocrx_word' id='word_1_121' title='bbox 1043 1882 1257 1968; x_wconf 81' lang='lat' dir='ltr'>editionibus,</span> <span class='ocrx_word' id='word_1_122' title='bbox 1276 1884 1404 1950; x_wconf 87' lang='lat' dir='ltr'>deinde</span> 
     </span>
     <span class='ocr_line' id='line_1_16' title="bbox 231 1989 1404 2074; baseline -0.003 -14"><span class='ocrx_word' id='word_1_123' title='bbox 231 1993 271 2060; x_wconf 90' lang='lat' dir='ltr'>de</span> <span class='ocrx_word' id='word_1_124' title='bbox 295 1991 461 2059; x_wconf 89' lang='lat' dir='ltr'>codicibus</span> <span class='ocrx_word' id='word_1_125' title='bbox 484 1989 708 2056; x_wconf 86' lang='lat' dir='ltr'>disserendum</span> <span class='ocrx_word' id='word_1_126' title='bbox 732 2013 802 2055; x_wconf 87' lang='lat' dir='ltr'>esse</span> <span class='ocrx_word' id='word_1_127' title='bbox 827 1991 1027 2074; x_wconf 86' lang='lat' dir='ltr'>censuimus,</span> <span class='ocrx_word' id='word_1_128' title='bbox 1050 1991 1098 2057; x_wconf 85' lang='lat' dir='ltr'>itu</span> <span class='ocrx_word' id='word_1_129' title='bbox 1122 1995 1247 2074; x_wconf 88' lang='lat' dir='ltr'>tamen,</span> <span class='ocrx_word' id='word_1_130' title='bbox 1275 1997 1314 2056; x_wconf 90' lang='lat' dir='ltr'>nt</span> <span class='ocrx_word' id='word_1_131' title='bbox 1340 1993 1404 2057; x_wconf 85' lang='lat' dir='ltr'>lm·</span> 
     </span>
     <span class='ocr_line' id='line_1_17' title="bbox 231 2098 1402 2186; baseline 0 -20"><span class='ocrx_word' id='word_1_132' title='bbox 231 2123 318 2185; x_wconf 91' lang='lat' dir='ltr'>rum,</span> <span class='ocrx_word' id='word_1_133' title='bbox 341 2099 397 2166; x_wconf 90' lang='lat' dir='ltr'>ubi</span> <span class='ocrx_word' id='word_1_134' title='bbox 421 2121 504 2186; x_wconf 88' lang='lat' dir='ltr'>opus</span> <span class='ocrx_word' id='word_1_135' title='bbox 528 2105 628 2182; x_wconf 84' lang='lat' dir='ltr'>esset,</span> <span class='ocrx_word' id='word_1_136' title='bbox 653 2099 754 2164; x_wconf 87' lang='lat' dir='ltr'>etium</span> <span class='ocrx_word' id='word_1_137' title='bbox 775 2098 810 2164; x_wconf 92' lang='lat' dir='ltr'>in</span> <span class='ocrx_word' id='word_1_138' title='bbox 834 2100 940 2184; x_wconf 87' lang='lat' dir='ltr'>prima</span> <span class='ocrx_word' id='word_1_139' title='bbox 964 2107 1057 2184; x_wconf 83' lang='lat' dir='ltr'>parte</span> <span class='ocrx_word' id='word_1_140' title='bbox 1081 2098 1318 2184; x_wconf 81' lang='lat' dir='ltr'>disputationis</span> <span class='ocrx_word' id='word_1_141' title='bbox 1344 2123 1402 2166; x_wconf 82' lang='lat' dir='ltr'>ra-</span> 
     </span>
     <span class='ocr_line' id='line_1_18' title="bbox 231 2207 584 2274; baseline -0.011 0"><span class='ocrx_word' id='word_1_142' title='bbox 231 2209 355 2274; x_wconf 90' lang='lat' dir='ltr'>tionem</span> <span class='ocrx_word' id='word_1_143' title='bbox 379 2207 584 2273; x_wconf 82' lang='lat' dir='ltr'>haberemus</span> 
     </span>
    </p>

    <p class='ocr_par' dir='ltr' id='par_1_5' title="bbox 230 2310 1400 3798">
     <span class='ocr_line' id='line_1_19' title="bbox 320 2310 1400 2402; baseline -0.002 -22"><span class='ocrx_word' id='word_1_144' title='bbox 320 2314 671 2380; x_wconf 72' lang='grc'><strong>13111110113111,1111111111</strong></span> <span class='ocrx_word' id='word_1_145' title='bbox 691 2310 749 2402; x_wconf 72' lang='lat' dir='ltr'>(A)</span> <span class='ocrx_word' id='word_1_146' title='bbox 773 2313 828 2398; x_wconf 87' lang='lat' dir='ltr'>qni</span> <span class='ocrx_word' id='word_1_147' title='bbox 853 2317 1063 2396; x_wconf 83' lang='lat' dir='ltr'>curaverunt,</span> <span class='ocrx_word' id='word_1_148' title='bbox 1087 2314 1110 2378; x_wconf 90' lang='lat' dir='ltr'>ii</span> <span class='ocrx_word' id='word_1_149' title='bbox 1130 2314 1165 2379; x_wconf 92' lang='lat' dir='ltr'>iu</span> <span class='ocrx_word' id='word_1_150' title='bbox 1184 2315 1400 2380; x_wconf 84' lang='lat' dir='ltr'>recensendis</span> 
     </span>
     <span class='ocr_line' id='line_1_20' title="bbox 231 2421 1398 2506; baseline -0.002 -18"><span class='ocrx_word' id='word_1_151' title='bbox 231 2423 325 2490; x_wconf 81' lang='lat' dir='ltr'>libris</span> <span class='ocrx_word' id='word_1_152' title='bbox 354 2423 393 2488; x_wconf 91' lang='lat' dir='ltr'>de</span> <span class='ocrx_word' id='word_1_153' title='bbox 421 2421 557 2487; x_wconf 79' lang='lat' dir='ltr'>Placitis</span> <span class='ocrx_word' id='word_1_154' title='bbox 585 2421 798 2506; x_wconf 85' lang='lat' dir='ltr'>Hippocratis</span> <span class='ocrx_word' id='word_1_155' title='bbox 827 2427 860 2485; x_wconf 91' lang='lat' dir='ltr'>et</span> <span class='ocrx_word' id='word_1_156' title='bbox 888 2421 1050 2504; x_wconf 83' lang='lat' dir='ltr'>Platonis,</span> <span class='ocrx_word' id='word_1_157' title='bbox 1078 2421 1135 2506; x_wconf 87' lang='lat' dir='ltr'>qni</span> <span class='ocrx_word' id='word_1_158' title='bbox 1160 2421 1233 2487; x_wconf 77' lang='lat' dir='ltr'>Vol.</span> <span class='ocrx_word' id='word_1_159' title='bbox 1258 2421 1274 2486; x_wconf 94' lang='lat' dir='ltr'>l</span> <span class='ocrx_word' id='word_1_160' title='bbox 1303 2423 1398 2487; x_wconf 85' lang='lat' dir='ltr'>intra</span> 
     </span>
     <span class='ocr_line' id='line_1_21' title="bbox 231 2523 1399 2614; baseline -0.002 -18"><span class='ocrx_word' id='word_1_161' title='bbox 231 2530 300 2596; x_wconf 85' lang='lat' dir='ltr'>foll.</span> <span class='ocrx_word' id='word_1_162' title='bbox 322 2532 384 2596; x_wconf 79' lang='grc'>119</span> <span class='ocrx_word' id='word_1_163' title='bbox 409 2535 442 2594; x_wconf 87' lang='lat' dir='ltr'>et</span> <span class='ocrx_word' id='word_1_164' title='bbox 463 2530 524 2594; x_wconf 78' lang='grc' dir='ltr'>161Ι</span> <span class='ocrx_word' id='word_1_165' title='bbox 546 2529 769 2600; x_wconf 82' lang='lat' dir='ltr'>continentur,</span> <span class='ocrx_word' id='word_1_166' title='bbox 792 2552 856 2594; x_wconf 88' lang='lat' dir='ltr'>uno</span> <span class='ocrx_word' id='word_1_167' title='bbox 880 2528 990 2594; x_wconf 87' lang='lat' dir='ltr'>codice</span> <span class='ocrx_word' id='word_1_168' title='bbox 1016 2529 1065 2592; x_wconf 86' lang='lat' dir='ltr'>usi</span> <span class='ocrx_word' id='word_1_169' title='bbox 1090 2523 1160 2594; x_wconf 82' lang='lat' dir='ltr'>esse</span> <span class='ocrx_word' id='word_1_170' title='bbox 1184 2551 1324 2614; x_wconf 87' lang='lat' dir='ltr'>eumque</span> <span class='ocrx_word' id='word_1_171' title='bbox 1347 2531 1399 2594; x_wconf 84' lang='lat' dir='ltr'>ita</span> 
     </span>
     <span class='ocr_line' id='line_1_22' title="bbox 231 2634 1397 2722; baseline -0.003 -20"><span class='ocrx_word' id='word_1_172' title='bbox 231 2639 335 2704; x_wconf 85' lang='lat' dir='ltr'>secuti</span> <span class='ocrx_word' id='word_1_173' title='bbox 360 2638 522 2720; x_wconf 83' lang='lat' dir='ltr'>ridentur,</span> <span class='ocrx_word' id='word_1_174' title='bbox 545 2640 594 2720; x_wconf 89' lang='lat' dir='ltr'>ut,</span> <span class='ocrx_word' id='word_1_175' title='bbox 622 2634 777 2720; x_wconf 75' lang='lat' dir='ltr'>‹pridquid</span> <span class='ocrx_word' id='word_1_176' title='bbox 802 2636 848 2700; x_wconf 92' lang='lat' dir='ltr'>ibi</span> <span class='ocrx_word' id='word_1_177' title='bbox 872 2637 1030 2720; x_wconf 85' lang='lat' dir='ltr'>scripturn</span> <span class='ocrx_word' id='word_1_178' title='bbox 1054 2635 1252 2718; x_wconf 81' lang='lat' dir='ltr'>invenirent,</span> <span class='ocrx_word' id='word_1_179' title='bbox 1277 2639 1397 2722; x_wconf 86' lang='lat' dir='ltr'>paucis</span> 
     </span>
     <span class='ocr_line' id='line_1_23' title="bbox 231 2743 1398 2832; baseline -0.001 -22"><span class='ocrx_word' id='word_1_180' title='bbox 231 2745 375 2832; x_wconf 83' lang='lat' dir='ltr'>exceptis</span> <span class='ocrx_word' id='word_1_181' title='bbox 400 2767 520 2828; x_wconf 81' lang='lat' dir='ltr'>magna</span> <span class='ocrx_word' id='word_1_182' title='bbox 544 2745 751 2808; x_wconf 85' lang='lat' dir='ltr'>accuratione</span> <span class='ocrx_word' id='word_1_183' title='bbox 775 2743 865 2827; x_wconf 70' lang='lat' dir='ltr'>typis</span> <span class='ocrx_word' id='word_1_184' title='bbox 890 2744 1117 2828; x_wconf 86' lang='lat' dir='ltr'>exprimerent.</span> <span class='ocrx_word' id='word_1_185' title='bbox 1152 2743 1189 2808; x_wconf 91' lang='lat' dir='ltr'>Id</span> <span class='ocrx_word' id='word_1_186' title='bbox 1214 2744 1265 2809; x_wconf 84' lang='lat' dir='ltr'>rel</span> <span class='ocrx_word' id='word_1_187' title='bbox 1289 2767 1328 2809; x_wconf 75' lang='lat' dir='ltr'>ex</span> <span class='ocrx_word' id='word_1_188' title='bbox 1355 2770 1398 2809; x_wconf 90' lang='lat' dir='ltr'>eo</span> 
     </span>
     <span class='ocr_line' id='line_1_24' title="bbox 231 2850 1397 2938; baseline -0.002 -20"><span class='ocrx_word' id='word_1_189' title='bbox 231 2858 337 2938; x_wconf 85' lang='lat' dir='ltr'>putet,</span> <span class='ocrx_word' id='word_1_190' title='bbox 360 2853 446 2937; x_wconf 91' lang='lat' dir='ltr'>quod</span> <span class='ocrx_word' id='word_1_191' title='bbox 470 2851 605 2916; x_wconf 87' lang='lat' dir='ltr'>eundem</span> <span class='ocrx_word' id='word_1_192' title='bbox 629 2850 824 2934; x_wconf 81' lang='lat' dir='ltr'>scripturam</span> <span class='ocrx_word' id='word_1_193' title='bbox 850 2851 1152 2936; x_wconf 78' lang='lat' dir='ltr'>roculationennpre</span> <span class='ocrx_word' id='word_1_194' title='bbox 1176 2851 1397 2923; x_wconf 82' lang='lat' dir='ltr'>retinuerunt,</span> 
     </span>
     <span class='ocr_line' id='line_1_25' title="bbox 231 2956 1397 3046; baseline 0 -22"><span class='ocrx_word' id='word_1_195' title='bbox 231 2982 314 3046; x_wconf 82' lang='lat' dir='ltr'>qnae</span> <span class='ocrx_word' id='word_1_196' title='bbox 345 2961 381 3026; x_wconf 90' lang='lat' dir='ltr'>in</span> <span class='ocrx_word' id='word_1_197' title='bbox 413 2959 578 3026; x_wconf 87' lang='lat' dir='ltr'>codicibus</span> <span class='ocrx_word' id='word_1_198' title='bbox 612 2958 817 3022; x_wconf 86' lang='lat' dir='ltr'>saeculorum</span> <span class='ocrx_word' id='word_1_199' title='bbox 851 2956 929 3022; x_wconf 68' lang='lat' dir='ltr'>Xll*</span> <span class='ocrx_word' id='word_1_200' title='bbox 962 2965 995 3021; x_wconf 92' lang='lat' dir='ltr'>et</span> <span class='ocrx_word' id='word_1_201' title='bbox 1023 2957 1085 3023; x_wconf 79' lang='lat' dir='ltr'>XV</span> <span class='ocrx_word' id='word_1_202' title='bbox 1117 2959 1258 3025; x_wconf 77' lang='lat' dir='ltr'>inveniri</span> <span class='ocrx_word' id='word_1_203' title='bbox 1292 2959 1397 3029; x_wconf 81' lang='lat' dir='ltr'>solet:</span> 
     </span>
     <span class='ocr_line' id='line_1_26' title="bbox 231 3065 1396 3147; baseline -0.002 -13"><span class='ocrx_word' id='word_1_204' title='bbox 231 3070 383 3135; x_wconf 87' lang='lat' dir='ltr'>omittere</span> <span class='ocrx_word' id='word_1_205' title='bbox 411 3068 519 3132; x_wconf 86' lang='lat' dir='ltr'>solent</span> <span class='ocrx_word' id='word_1_206' title='bbox 546 3067 614 3131; x_wconf 89' lang='lat' dir='ltr'>iota</span> <span class='ocrx_word' id='word_1_207' title='bbox 643 3065 878 3147; x_wconf 82' lang='lat' dir='ltr'>subscriptum,</span> <span class='ocrx_word' id='word_1_208' title='bbox 907 3065 1132 3132; x_wconf 87' lang='lat' dir='ltr'>encliticarum</span> <span class='ocrx_word' id='word_1_209' title='bbox 1160 3073 1314 3131; x_wconf 87' lang='lat' dir='ltr'>accentus</span> <span class='ocrx_word' id='word_1_210' title='bbox 1344 3069 1396 3132; x_wconf 86' lang='lat' dir='ltr'>sie</span> 
     </span>
     <span class='ocr_line' id='line_1_27' title="bbox 230 3167 1396 3260; baseline -0.003 -18"><span class='ocrx_word' id='word_1_211' title='bbox 230 3181 389 3248; x_wconf 83' lang='lat' dir='ltr'>tractant,</span> <span class='ocrx_word' id='word_1_212' title='bbox 407 3173 679 3260; x_wconf 79' lang='lat' dir='ltr'>‹prernadmodunr</span> <span class='ocrx_word' id='word_1_213' title='bbox 699 3173 780 3237; x_wconf 86' lang='lat' dir='ltr'>talia</span> <span class='ocrx_word' id='word_1_214' title='bbox 798 3171 915 3236; x_wconf 84' lang='lat' dir='ltr'>docent</span> <span class='ocrx_word' id='word_1_215' title='bbox 931 3173 1093 3256; x_wconf 86' lang='lat' dir='ltr'>exempla:</span> <span class='ocrx_word' id='word_1_216' title='bbox 1119 3167 1235 3258; x_wconf 74' lang='grc' dir='ltr'>ἠξίουν</span> <span class='ocrx_word' id='word_1_217' title='bbox 1248 3169 1294 3257; x_wconf 79' lang='lat' dir='ltr'>ti,</span> <span class='ocrx_word' id='word_1_218' title='bbox 1312 3173 1396 3239; x_wconf 76' lang='lat' dir='ltr'>dori-</span> 
     </span>
     <span class='ocr_line' id='line_1_28' title="bbox 231 3271 1395 3366; baseline -0.003 -17"><span class='ocrx_word' id='word_1_219' title='bbox 231 3308 287 3350; x_wconf 83' lang='grc' dir='ltr'>ναι</span> <span class='ocrx_word' id='word_1_220' title='bbox 316 3280 366 3360; x_wconf 78' lang='grc' dir='ltr'>τὲ,</span> <span class='ocrx_word' id='word_1_221' title='bbox 395 3282 573 3366; x_wconf 70' lang='grc' dir='ltr'>ἐπιθυμεῖν</span> <span class='ocrx_word' id='word_1_222' title='bbox 602 3278 651 3356; x_wconf 76' lang='grc' dir='ltr'>τὶς</span> <span class='ocrx_word' id='word_1_223' title='bbox 679 3279 753 3364; x_wconf 75' lang='lat' dir='ltr'>(pro</span> <span class='ocrx_word' id='word_1_224' title='bbox 777 3275 856 3364; x_wconf 69' lang='lat' dir='ltr'>cre),</span> <span class='ocrx_word' id='word_1_225' title='bbox 880 3271 980 3343; x_wconf 79' lang='grc' dir='ltr'>ὁποία</span> <span class='ocrx_word' id='word_1_226' title='bbox 1008 3277 1058 3355; x_wconf 74' lang='grc' dir='ltr'>τὶς</span> <span class='ocrx_word' id='word_1_227' title='bbox 1086 3277 1192 3348; x_wconf 71' lang='lat' dir='ltr'>dorin.</span> <span class='ocrx_word' id='word_1_228' title='bbox 1220 3273 1395 3364; x_wconf 63' lang='lat' dir='ltr'>circipanis</span> 
     </span>
     <span class='ocr_line' id='line_1_29' title="bbox 232 3383 1392 3475; baseline -0.006 -18"><span class='ocrx_word' id='word_1_229' title='bbox 232 3389 316 3470; x_wconf 73' lang='grc' dir='ltr'><em>ἐστὶ,</em></span> <span class='ocrx_word' id='word_1_230' title='bbox 339 3385 525 3475; x_wconf 74' lang='grc' dir='ltr'><em>ἀναγκαῖον</em></span> <span class='ocrx_word' id='word_1_231' title='bbox 549 3385 634 3466; x_wconf 74' lang='grc' dir='ltr'>ἐστὶ,</span> <span class='ocrx_word' id='word_1_232' title='bbox 662 3391 798 3462; x_wconf 71' lang='grc' dir='ltr'><strong><em>πολλοῖς</em></strong></span> <span class='ocrx_word' id='word_1_233' title='bbox 821 3383 905 3455; x_wconf 76' lang='grc' dir='ltr'>ἐστὶ,</span> <span class='ocrx_word' id='word_1_234' title='bbox 934 3387 1063 3450; x_wconf 80' lang='lat' dir='ltr'>litteras</span> <span class='ocrx_word' id='word_1_235' title='bbox 1086 3387 1210 3452; x_wconf 81' lang='lat' dir='ltr'>turbent</span> <span class='ocrx_word' id='word_1_236' title='bbox 1234 3387 1392 3452; x_wconf 82' lang='lat' dir='ltr'>mendose</span> 
     </span>
     <span class='ocr_line' id='line_1_30' title="bbox 231 3493 1391 3582; baseline -0.003 -18"><span class='ocrx_word' id='word_1_237' title='bbox 231 3505 464 3582; x_wconf 84' lang='lat' dir='ltr'>commutatas,</span> <span class='ocrx_word' id='word_1_238' title='bbox 497 3497 565 3561; x_wconf 80' lang='lat' dir='ltr'>sire</span> <span class='ocrx_word' id='word_1_239' title='bbox 596 3495 683 3580; x_wconf 74' lang='lat' dir='ltr'>‹pirod</span> <span class='ocrx_word' id='word_1_240' title='bbox 713 3495 868 3560; x_wconf 74' lang='lat' dir='ltr'>duc-terunt</span> <span class='ocrx_word' id='word_1_241' title='bbox 900 3494 1082 3559; x_wconf 87' lang='lat' dir='ltr'>similitudo</span> <span class='ocrx_word' id='word_1_242' title='bbox 1115 3494 1226 3560; x_wconf 69' lang='lat' dir='ltr'>ocellos</span> <span class='ocrx_word' id='word_1_243' title='bbox 1260 3493 1391 3582; x_wconf 86' lang='lat' dir='ltr'>decepit</span> 
     </span>
     <span class='ocr_line' id='line_1_31' title="bbox 230 3601 1392 3690; baseline -0.001 -22"><span class='ocrx_word' id='word_1_244' title='bbox 230 3605 299 3670; x_wconf 80' lang='lat' dir='ltr'>sire</span> <span class='ocrx_word' id='word_1_245' title='bbox 328 3604 413 3690; x_wconf 87' lang='lat' dir='ltr'>quod</span> <span class='ocrx_word' id='word_1_246' title='bbox 443 3605 561 3668; x_wconf 77' lang='lat' dir='ltr'>uitiosa</span> <span class='ocrx_word' id='word_1_247' title='bbox 591 3603 816 3687; x_wconf 81' lang='lat' dir='ltr'>prornnrtiatio</span> <span class='ocrx_word' id='word_1_248' title='bbox 845 3601 878 3664; x_wconf 95' lang='grc'>111</span> <span class='ocrx_word' id='word_1_249' title='bbox 908 3624 1006 3664; x_wconf 79' lang='lat' dir='ltr'>ernrsa</span> <span class='ocrx_word' id='word_1_250' title='bbox 1034 3603 1111 3678; x_wconf 82' lang='lat' dir='ltr'>suit,</span> <span class='ocrx_word' id='word_1_251' title='bbox 1136 3624 1211 3666; x_wconf 88' lang='lat' dir='ltr'>cum</span> <span class='ocrx_word' id='word_1_252' title='bbox 1238 3603 1392 3668; x_wconf 83' lang='lat' dir='ltr'>scribunt</span> 
     </span>
     <span class='ocr_line' id='line_1_32' title="bbox 230 3701 1391 3798; baseline -0.002 -22"><span class='ocrx_word' id='word_1_253' title='bbox 230 3706 414 3798; x_wconf 76' lang='grc' dir='ltr'>εὖτροφιάν</span> <span class='ocrx_word' id='word_1_254' title='bbox 433 3734 492 3796; x_wconf 87' lang='lat' dir='ltr'>pro</span> <span class='ocrx_word' id='word_1_255' title='bbox 513 3705 695 3792; x_wconf 76' lang='grc' dir='ltr'><em>ἀτροφίαν,</em></span> <span class='ocrx_word' id='word_1_256' title='bbox 719 3701 763 3774; x_wconf 79' lang='lat' dir='ltr'>dv</span> <span class='ocrx_word' id='word_1_257' title='bbox 781 3702 888 3783; x_wconf 75' lang='grc' dir='ltr'><strong><em>οὕτως</em></strong></span> <span class='ocrx_word' id='word_1_258' title='bbox 905 3703 994 3790; x_wconf 64' lang='lat' dir='ltr'>tripes</span> <span class='ocrx_word' id='word_1_259' title='bbox 1016 3731 1074 3792; x_wconf 81' lang='lat' dir='ltr'>pro</span> <span class='ocrx_word' id='word_1_260' title='bbox 1094 3703 1193 3791; x_wconf 73' lang='grc' dir='ltr'><strong><em>τύχη.</em></strong></span> <span class='ocrx_word' id='word_1_261' title='bbox 1212 3709 1232 3774; x_wconf 89' lang='grc'>1.</span> <span class='ocrx_word' id='word_1_262' title='bbox 1248 3732 1274 3774; x_wconf 86' lang='lat' dir='ltr'>e.</span> <span class='ocrx_word' id='word_1_263' title='bbox 1294 3705 1391 3796; x_wconf 65' lang='grc' dir='ltr'><strong><em>τύχῃ,</em></strong></span> 
     </span>
    </p>
   </div>
   <div class='ocr_carea' id='block_1_5' title="bbox 1151 3816 1163 3850">
    <p class='ocr_par' dir='ltr' id='par_1_6' title="bbox 1151 3816 1163 3850">
     <span class='ocr_line' id='line_1_33' title="bbox 1151 3816 1163 3834; baseline 0 0"><span class='ocrx_word' id='word_1_264' title='bbox 1151 3816 1163 3834; x_wconf 63' lang='lat' dir='ltr'>d</span> 
     </span>
     <span class='ocr_line' id='line_1_34' title="bbox 1152 3839 1161 3850; baseline 0 0"><span class='ocrx_word' id='word_1_265' title='bbox 1152 3839 1161 3850; x_wconf 74' lang='grc' dir='ltr'>ι</span> 
     </span>
    </p>
   </div>
   <div class='ocr_carea' id='block_1_6' title="bbox 229 3811 1389 3904">
    <p class='ocr_par' dir='ltr' id='par_1_7' title="bbox 229 3811 1389 3904">
     <span class='ocr_line' id='line_1_35' title="bbox 229 3811 1389 3904; baseline -0.002 -20"><span class='ocrx_word' id='word_1_266' title='bbox 229 3812 448 3897; x_wconf 78' lang='grc' dir='ltr'><em>ἇτονίσαντος</em></span> <span class='ocrx_word' id='word_1_267' title='bbox 476 3842 535 3904; x_wconf 93' lang='lat' dir='ltr'>pro</span> <span class='ocrx_word' id='word_1_268' title='bbox 558 3811 802 3901; x_wconf 75' lang='grc' dir='ltr'><em>ἀτονήσαντος,</em></span> <span class='ocrx_word' id='word_1_269' title='bbox 830 3815 863 3880; x_wconf 78' lang='lat' dir='ltr'>ei</span> <span class='ocrx_word' id='word_1_270' title='bbox 888 3811 924 3878; x_wconf 76' lang='lat' dir='ltr'>dis</span> <span class='ocrx_word' id='word_1_271' title='bbox 950 3837 1008 3899; x_wconf 91' lang='lat' dir='ltr'>pro</span> <span class='ocrx_word' id='word_1_272' title='bbox 1037 3815 1073 3879; x_wconf 76' lang='grc' dir='ltr'>οἶ</span> <span class='ocrx_word' id='word_1_273' title='bbox 1093 3813 1190 3902; x_wconf 74' lang='lat' dir='ltr'>de&#39;³)3</span> <span class='ocrx_word' id='word_1_274' title='bbox 1218 3837 1284 3881; x_wconf 89' lang='lat' dir='ltr'>non</span> <span class='ocrx_word' id='word_1_275' title='bbox 1313 3837 1389 3882; x_wconf 83' lang='lat' dir='ltr'>raro</span> 
     </span>
    </p>
   </div>
   <div class='ocr_carea' id='block_1_7' title="bbox 229 4097 1389 4444">
    <p class='ocr_par' dir='ltr' id='par_1_8' title="bbox 229 4097 1389 4354">
     <span class='ocr_line' id='line_1_36' title="bbox 303 4097 1389 4174; baseline -0.006 -14"><span class='ocrx_word' id='word_1_276' title='bbox 303 4105 337 4174; x_wconf 79' lang='lat'>³¹)</span> <span class='ocrx_word' id='word_1_277' title='bbox 359 4101 565 4172; x_wconf 82' lang='lat' dir='ltr'>Durembergus</span> <span class='ocrx_word' id='word_1_278' title='bbox 587 4102 640 4158; x_wconf 84' lang='lat' dir='ltr'>hac</span> <span class='ocrx_word' id='word_1_279' title='bbox 666 4101 701 4155; x_wconf 88' lang='lat' dir='ltr'>dc</span> <span class='ocrx_word' id='word_1_280' title='bbox 724 4118 753 4154; x_wconf 92' lang='lat' dir='ltr'>rc</span> <span class='ocrx_word' id='word_1_281' title='bbox 777 4099 932 4169; x_wconf 81' lang='lat' dir='ltr'>disputarit</span> <span class='ocrx_word' id='word_1_282' title='bbox 956 4099 985 4153; x_wconf 91' lang='lat' dir='ltr'>in</span> <span class='ocrx_word' id='word_1_283' title='bbox 1012 4098 1122 4162; x_wconf 81' lang='lat' dir='ltr'>libello,</span> <span class='ocrx_word' id='word_1_284' title='bbox 1149 4099 1197 4170; x_wconf 86' lang='lat' dir='ltr'>qni</span> <span class='ocrx_word' id='word_1_285' title='bbox 1226 4097 1389 4156; x_wconf 79' lang='lat' dir='ltr'>inscribitur</span> 
     </span>
     <span class='ocr_line' id='line_1_37' title="bbox 229 4187 1387 4260; baseline -0.003 -11"><span class='ocrx_word' id='word_1_286' title='bbox 229 4193 306 4249; x_wconf 74' lang='lat' dir='ltr'>Essai</span> <span class='ocrx_word' id='word_1_287' title='bbox 330 4211 377 4248; x_wconf 76' lang='lat' dir='ltr'>eur</span> <span class='ocrx_word' id='word_1_288' title='bbox 394 4192 494 4248; x_wconf 80' lang='lat' dir='ltr'>Gulien</span> <span class='ocrx_word' id='word_1_289' title='bbox 518 4193 660 4246; x_wconf 71' lang='lat' dir='ltr'>considere</span> <span class='ocrx_word' id='word_1_290' title='bbox 685 4207 793 4244; x_wconf 69' lang='lat' dir='ltr'>caunum</span> <span class='ocrx_word' id='word_1_291' title='bbox 817 4189 982 4260; x_wconf 85' lang='lat' dir='ltr'>philosophe</span> <span class='ocrx_word' id='word_1_292' title='bbox 1006 4189 1083 4258; x_wconf 65' lang='lat' dir='ltr'>(Cap.</span> <span class='ocrx_word' id='word_1_293' title='bbox 1100 4187 1175 4257; x_wconf 85' lang='lat' dir='ltr'>l&#39;lll)</span> <span class='ocrx_word' id='word_1_294' title='bbox 1194 4191 1223 4244; x_wconf 87' lang='lat' dir='ltr'>et</span> <span class='ocrx_word' id='word_1_295' title='bbox 1246 4187 1276 4243; x_wconf 89' lang='lat' dir='ltr'>in</span> <span class='ocrx_word' id='word_1_296' title='bbox 1295 4189 1387 4246; x_wconf 82' lang='lat' dir='ltr'>l‘rccl&#39;.</span> 
     </span>
     <span class='ocr_line' id='line_1_38' title="bbox 230 4281 691 4354; baseline -0.009 -16"><span class='ocrx_word' id='word_1_297' title='bbox 230 4281 298 4338; x_wconf 83' lang='lat' dir='ltr'>edit.</span> <span class='ocrx_word' id='word_1_298' title='bbox 318 4281 439 4338; x_wconf 81' lang='lat' dir='ltr'>Oribasii</span> <span class='ocrx_word' id='word_1_299' title='bbox 460 4301 505 4354; x_wconf 89' lang='lat' dir='ltr'>pp.</span> <span class='ocrx_word' id='word_1_300' title='bbox 527 4281 562 4335; x_wconf 79' lang='lat' dir='ltr'>xl</span> <span class='ocrx_word' id='word_1_301' title='bbox 583 4286 612 4335; x_wconf 85' lang='lat' dir='ltr'>et</span> <span class='ocrx_word' id='word_1_302' title='bbox 631 4281 691 4335; x_wconf 81' lang='lat' dir='ltr'>Xll.</span> 
     </span>
    </p>

    <p class='ocr_par' dir='ltr' id='par_1_9' title="bbox 303 4368 1072 4444">
     <span class='ocr_line' id='line_1_39' title="bbox 303 4368 1072 4444; baseline -0.008 -16"><span class='ocrx_word' id='word_1_303' title='bbox 303 4373 337 4444; x_wconf 77' lang='lat'>³²)</span> <span class='ocrx_word' id='word_1_304' title='bbox 357 4370 469 4440; x_wconf 82' lang='lat' dir='ltr'>Quuest</span> <span class='ocrx_word' id='word_1_305' title='bbox 490 4370 584 4426; x_wconf 87' lang='lat' dir='ltr'>Critic.</span> <span class='ocrx_word' id='word_1_306' title='bbox 603 4369 637 4425; x_wconf 88' lang='lat' dir='ltr'>de</span> <span class='ocrx_word' id='word_1_307' title='bbox 657 4368 718 4424; x_wconf 85' lang='lat' dir='ltr'>Gal</span> <span class='ocrx_word' id='word_1_308' title='bbox 739 4369 757 4424; x_wconf 94' lang='lat' dir='ltr'>l.</span> <span class='ocrx_word' id='word_1_309' title='bbox 777 4369 795 4426; x_wconf 92' lang='grc' dir='ltr'>Ι.</span> <span class='ocrx_word' id='word_1_310' title='bbox 815 4369 894 4439; x_wconf 82' lang='lat' dir='ltr'>Spcc.</span> <span class='ocrx_word' id='word_1_311' title='bbox 915 4369 963 4424; x_wconf 76' lang='lat' dir='ltr'>alt,</span> <span class='ocrx_word' id='word_1_312' title='bbox 983 4387 1010 4438; x_wconf 91' lang='lat' dir='ltr'>p.</span> <span class='ocrx_word' id='word_1_313' title='bbox 1031 4373 1072 4423; x_wconf 76' lang='lat' dir='ltr'>tt.</span> 
     </span>
    </p>
   </div>
   <div class='ocr_carea' id='block_1_8' title="bbox 0 0 1476 5008">
    <p class='ocr_par' dir='ltr' id='par_1_10' title="bbox 0 0 1476 5008">
     <span class='ocr_line' id='line_1_40' title="bbox 0 0 1476 5008; baseline 0 0"><span class='ocrx_word' id='word_1_314' title='bbox 0 0 1476 5008; x_wconf 95' lang='lat' dir='ltr'> </span> 
     </span>
    </p>
   </div>
  </div>
 </body>
</html>
