2976 5028
565 339 811 406 -aer-

119 492 256 584 ’άνόρός,
289 493 362 565 κατ’
396 494 478 566 ἄλλο
510 495 574 585 μὲν
607 493 726 583 ούόέν,
754 495 804 566 ότι
840 495 872 566 θ’
902 495 993 591 αύτῷ
1021 495 1152 587 ἀνάγκη
1184 495 1268 588 μετὰ

118 607 215 674 ’τούτο
250 603 289 674 τὸ
327 607 398 674 τῶν
433 602 723 692 Ἱπποκενταύρων
759 603 850 686 εἶδος
889 607 1170 694 ἐπανορθοῦσθαι
1211 605 1268 676 κοιλ

117 703 219 794 ἀὖθις
252 711 291 782 τὸ
326 715 387 802 τῆς
424 717 604 800 Χιμαίρας,
641 713 696 780 καὶ
734 715 863 800 ἐπιρρεῖ
898 714 934 782 ot
970 713 1069 802 ὄχλος
1103 711 1269 784 τοιούτων

116 817 301 907 Τοργόνων
323 819 379 888 καλ
403 819 576 908 Πηγάσων
599 820 654 888 καὶ
678 818 791 888 άλλων
809 817 994 910 ἀμηχάνων
1016 821 1131 911 πλήθη
1153 847 1189 890 τε
1211 821 1268 892 κοιλ

116 923 249 998 ’άτοπίαι
286 926 518 1016 τερατολόγων
548 929 654 996 τινων
685 927 840 1014 φύσεων,
877 923 931 1010 αἷς
967 939 1001 998 εί
1033 955 1085 1010 τις
1115 925 1293 1000 άπιστύνε

115 1037 282 1128 *προσβιβᾷ
311 1034 396 1104 κατά
423 1033 461 1104 τὸ
495 1033 585 1116 εἰκὸς
616 1036 774 1122 ἕκαστον,
807 1035 863 1104 tice
891 1033 1040 1128 ἀγροίκῳ
1067 1037 1134 1106 τινί
1162 1041 1268 1129 σορίςι

115 1143 306 1232 ’χρόμενος,
329 1147 456 1230 πολλῆς
478 1139 569 1235 αύτῷ
594 1146 716 1230 σχολῆς
744 1143 877 1231 δεήσει]
923 1143 1050 1232 ταύτην
1075 1141 1140 1232 ripe
1167 1145 1268 1232 ῥῆσιν

116 1253 206 1340 ἐχρῆν
228 1249 445 1338 άνεγνωκότα
474 1249 535 1320 τὸν
562 1249 764 1337 Χρύσιππον
791 1249 1080 1340 άποκεχωρηκέντιι
1109 1255 1179 1321 τῶν
1206 1250 1268 1342 μύ-

117 1367 183 1428 θων
203 1361 258 1430 καλ
282 1357 328 1448 μὴ
351 1363 565 1446 κατατρίβειν
587 1357 649 1428 τὸν
672 1358 799 1446 χρόνον
823 1360 1050 1449 ἐξηγούμενον
1072 1356 1187 1430 αὐτῶν
1209 1358 1269 1440 τὰς

117 1461 275 1549 ι’πονοίας.
321 1461 366 1536 riu
390 1463 454 1554 γάρ
479 1463 565 1548 άπαξ
593 1469 641 1547 είς
662 1469 762 1535 τοῦτο
792 1463 954 1555 άιμίκηταιΙ
973 1495 1039 1554 τις,
1071 1465 1268 1556 ἀνάριθμον
1283 1495 1309 1536 το

116 1577 236 1662 πλῆθος
268 1575 398 1660 ἐπιρρεῖ
429 1572 740 1663 μυθολογημάτων,
773 1571 860 1644 ὥσθ’
899 1573 982 1644 ὅλον
1018 1572 1174 1645 άτιολέσει
1207 1573 1269 1646 τὸν

114 1685 195 1766 ῥίον,
217 1691 251 1752 εί
268 1709 320 1764 τις
344 1681 551 1768 ἐπεξέρχοιτο
574 1679 693 1750 πάντα.
738 1679 880 1770 ἄμεινον
908 1683 945 1752 tt
981 1674 1037 1771 ἦν,
1070 1679 1179 1774 οἶμαι,
1206 1681 1268 1754 τὸν

115 1783 266 1876 άληθειίις
289 1787 396 1870 ὄντως
414 1789 594 1877 ἐφιέμενον
617 1785 726 1875 tudae
750 1787 794 1878 μέγ
819 1797 853 1858 τιΙ
873 1792 1032 1878 λε’γοισιν
1059 1795 1097 1860 οί
1120 1797 1267 1880 ποιηταί,

114 1911 253 1984 σκοπεῖν,
277 1894 362 1966 stret
387 1899 456 1965 τῶν
474 1896 741 1982 ἐπιοτημονικών
763 1895 957 1984 λημμάτων,
981 1895 1064 1985 ύπέρ
1087 1887 1137 1968 τόν
1160 1899 1198 1968 ἐν
1219 1901 1267 1992 τῷ

113 2005 248 2096 ύεντέρςο
282 2003 450 2094 γράμματι
484 2005 646 2090 διῆλθον,
684 2003 877 2092 ἐκμαθόντα
915 2004 979 2094 τέγν
1014 2010 1073 2094 τῆς
1105 2003 1307 2094 εύρέσεωςιτ

112 2108 191 2180 irtio
213 2115 365 2201 ἐφεξῆς
359 2111 421 2182 cclv
443 2107 592 2200 άσκῆσαί
610 2136 644 2180 τε
668 2111 722 2179 καὶ
753 2111 994 2202 γυμνάσιισθαι
1016 2112 1100 2182 κατὰ
1127 2111 1267 2202 ταύτην,

143 2289 229 2348 tin
247 2295 320 2380 apat„
344 2309 404 2348 rae
425 2299 441 2346 e
465 2290 624 2348 litterarum
644 2311 701 2358 ρων
720 2291 811 2346 M.-
837 2289 992 2380 Βέπερρει·
1010 2291 1105 2350 M-
1133 2289 1163 2347 δ’
1182 2289 1266 2364 ὄχλος

12 2363 13 2378 ’
112 2363 200 2418 M-
168 2359 432 2432 -σάτοπάτερα
456 2359 549 2433 λόγων
579 2362 659 2418 codd.
689 2357 795 2418 edu·
777 2383 871 2418 ιιτοτια
895 2359 961 2432 tud>
961 2385 1007 2418 ων
1037 2365 1119 2420 Corn.
1147 2357 1266 2420 άτοιτίαι

111 2433 295 2506 τερατολόγων
319 2453 382 2504 noe·
407 2435 441 2491 ct
461 2433 546 2490 Proll.
570 2453 596 2505 p.
617 2441 713 2490 oa-
743 2431 855 2490 θιιατέι
881 2437 988 2520 τρίβειν
1007 2436 1098 2492 M-
1125 2436 1183 2491 cciv
1201 2431 1265 2506 γρά-

112 2527 156 2562 m
178 2507 275 2566 M.-
308 2515 341 2564 16
365 2478 569 2580 γομτάσαοθιιι
593 2507 622 2560 M
646 2501 813 2578 γομνάοθαι
838 2509 862 2562 A
891 2507 1100 2578 γομνάοθοιΒ
1124 2507 1265 2580 γεγνμνά·

11 2577 12 2592 ’
111 2583 173 2636 σθαι
193 2579 243 2638 Ch
263 2611 298 2622 -

111 2701 131 2710 ι-
161 2703 317 2712 --—--—--

110 2763 193 2830 nulla
217 2763 283 2830 alia
306 2763 346 2828 ele
370 2785 469 2829 causa
492 2783 591 2848 epuanr
614 2761 690 2847 <pria
713 2769 788 2846 post
812 2761 874 2829 hoc
899 2781 1031 2827 neeesse
1055 2761 1117 2828 erit
1140 2760 1266 2848 Hippo·

111 2873 332 2936 centaurorum
352 2877 384 2934 et
408 2869 488 2934 item
509 2867 702 2934 Chimaerae
726 2869 866 2934 formam
887 2869 926 2934 ael
947 2889 1083 2935 examen
1101 2868 1263 2956 redigere:

111 2977 280 3065 influetque
300 2999 338 3044 uc
359 2981 512 3065 sequetur
527 2975 717 3062 Gorgonum
739 2986 770 3041 et
791 2975 992 3062 Pegasoruur
1012 2977 1141 3042 infinita
1162 2976 1263 3043 series

110 3085 249 3172 aliaeque
273 3085 482 3153 incredibiles
506 3107 544 3150 ac
569 3083 785 3150 miraculosae
808 3092 960 3168 natiuae,
989 3083 1109 3168 quibus
1132 3083 1161 3150 si
1189 3084 1263 3170 quis

111 3193 198 3260 fidem
221 3193 349 3260 nullum
369 3193 525 3260 adhibeat
543 3191 686 3278 velitque
706 3191 833 3278 singultu
859 3191 1140 3258 uerisimilitudini
1159 3191 1264 3278 appli-

112 3323 179 3369 care
202 3303 327 3370 rustica
356 3299 496 3388 ‹puadarn
525 3299 736 3386 philosophia
762 3307 871 3384 utens,
900 3299 929 3364 ei
958 3299 1062 3364 ruulto
1086 3299 1156 3364 otio
1180 3319 1263 3384 opus

111 3409 187 3476 κάλ’
225 3411 375 3477 Perlecto
399 3407 461 3474 hoc
485 3407 558 3474 locu
582 3407 695 3473 debuit
720 3407 925 3492 Chrysippus
950 3429 969 3472 a
993 3405 1115 3472 fabulis·
1139 3411 1262 3492 tempe-

110 3535 174 3582 mre
196 3541 316 3604 neque,
343 3515 421 3602 quiet
446 3515 581 3601 vellent,
608 3513 779 3580 enoelunelo
809 3519 938 3599 ternpus
967 3519 1144 3580 conterere.
1189 3515 1262 3590 (luo

111 3645 176 3692 turn
200 3626 301 3694 semel
326 3623 444 3710 uliquis
470 3621 629 3703 inciderit,
653 3622 809 3687 obruetur
827 3621 1114 3688 innumerabilium
1138 3621 1262 3688 saberto-

112 3753 175 3802 rum
198 3735 385 3818 affluentia,
417 3735 468 3815 ut,
500 3731 556 3816 qui
585 3752 698 3798 omncs
732 3731 897 3814 explicare
929 3729 1022 3812 uelit,
1054 3729 1142 3794 ritue
1166 3751 1262 3796 oruue

112 3845 248 3926 epatium
272 3841 387 3932 perdat
411 3861 544 3906 necesse
568 3838 620 3905 sit.
668 3839 801 3904 lleetius
829 3861 902 3904 rere
927 3861 999 3904 meo
1024 3836 1155 3923 quietem
1179 3835 1262 3902 iudi·

111 3947 156 4016 cio
173 3953 282 4022 iuerat
300 3950 467 4018 homiuem
488 3947 636 4014 ueritatis
656 3969 730 4010 uere
750 3945 932 4010 studiosum
952 3967 1028 4030 eron,
1047 3943 1124 4030 quid
1143 3947 1262 4030 poetae

111 4055 256 4146 elicerent,
280 4059 499 4140 considerare,
523 4057 578 4122 sert
608 4055 806 4120 seruitiouurn
832 4055 1047 4140 elegantium,
1075 4053 1114 4118 ‹le
1141 4051 1261 4139 quibus

112 4159 301 4236 insecundo
325 4167 411 4234 libro
435 4165 582 4252 exposui,
605 4162 872 4230 inveniendarum
899 4163 950 4227 ria
976 4183 1013 4226 ae
1038 4161 1165 4226 ratione
1188 4183 1260 4246 per-

111 4281 198 4359 cepta
220 4277 373 4362 deinceps
401 4275 435 4341 in
459 4274 520 4339 hae
545 4273 691 4340 animum
716 4273 842 4356 imitare
866 4275 896 4335 et
922 4270 1100 4336 exercitare
1123 4289 1261 4356 cunique

111 4385 335 4452 exercitatione
363 4383 446 4452 satis
481 4381 689 4470 profecisset,
716 4389 786 4447 tum
819 4381 949 4446 demum
982 4378 1023 4444 ad
1055 4377 1260 4466 singularum
