2976 5028
637 315 882 384 ..355-

180 477 325 560 λογικῶν
350 471 432 562 ὑπὲρ
456 472 519 563 τὴν
537 475 598 542 τοῦ
618 473 723 562 λόγου
741 481 948 564 συμμετρίαν
971 481 1132 562 γίνεσθαί
1147 495 1254 564 φησιν
1276 473 1346 562 τὴν

183 578 373 670 ὑπερβολὴν
390 585 449 670 τῆς
465 579 639 670 κινήσεως,
663 579 706 650 οὐ
723 581 793 672 μὴν
812 583 874 670 τήν
898 609 934 670 γε
954 587 1066 652 αι’τιάν
1085 579 1189 672 αὐτῆς
1206 589 1346 668 προστέ-

180 699 294 777 θησιν.
340 691 441 778 ἐχρῆν
464 691 505 758 ὁέ
522 715 560 776 ,γε
584 687 760 758 κάνταῦθα
783 689 828 780 μὴ
852 694 1062 778 περιπλέκειν
1085 693 1140 762 καὶ
1164 692 1344 778 ταράττειν

112 817 169 874 aar
180 797 241 867 τὸν
263 796 367 884 λόγον
390 802 438 879 εἰς
459 796 614 886 περιττὸν
634 799 822 868 ἐκτείνοντα
845 803 960 886 μῆκος,
984 797 1069 868 ettad
1092 803 1154 868 τοῦ
1174 805 1179 886 Ι
1198 801 1344 870 πλεονά-

147 913 295 988 1ἕζεσθαι.
319 903 383 994 τὴν
410 903 520 995 ὁρμὴν
544 904 680 974 εἰπόντα
704 903 766 994 τὴν
793 911 906 974 αι’τιάν
933 907 1157 996 ἀπηλλάχθαι.
1203 905 1247 990 aie
1275 908 1345 998 γὰρ

181 1015 231 1082 ε’πὶ
256 1017 325 1082 τῶν
349 1018 396 1094 εἰς
418 1011 455 1084 τὸ
480 1012 638 1094 κάταντες
660 1013 812 1082 θεόντων
834 1012 903 1102 ἅμα
927 1019 966 1104 τῇ
990 1015 1149 1102 βουλήσει
1174 1015 1211 1084 τὸ
1235 1017 1346 1104 βάρος

182 1124 242 1190 τοῦ
261 1122 414 1210 σωματος
432 1131 542 1191 αἴτιον
564 1119 701 1209 ἰπάρχει
726 1125 784 1208 τῆς
802 1121 974 1208 κινήσεως,
998 1121 1105 1203 οὕτως
1128 1125 1167 1192 έν
1189 1138 1260 1204 τοῖς
1281 1128 1346 1212 τῆς

182 1232 290 1318 ψυχῆς
315 1229 462 1300 πάθεσιν
491 1228 509 1296 ὅ
538 1257 567 1298 τι
596 1229 673 1300 ποτὲ
702 1226 784 1298 ἄλλο
814 1233 852 1318 τῇ
876 1234 993 1320 λογικῇ
1023 1230 1167 1319 δυνάμει
1194 1231 1346 1321 προσιὸν

180 1347 291 1406 αι’τιον
314 1344 438 1425 γίνεται
465 1341 523 1424 τῆς
545 1333 691 1424 άμέτροο
713 1343 785 1410 καί,
809 1335 855 1418 ὦς
877 1335 978 1418 αὐτὸς
1000 1347 1125 1408 εἴωθεν
1148 1334 1345 1428 ὀνομάζειν,

142 1446 328 1533 ιοέκφόρον
354 1444 532 1535 κινήσεως,
560 1447 661 1533 ἐχρῆν
693 1440 800 1514 αὐτὸν
828 1449 988 1515 διελθεῖν.
1040 1443 1058 1534 ἡ
1087 1447 1123 1516 δὲ
1152 1439 1217 1516 οὖν
1244 1449 1347 1536 ρ’ῐρσις

183 1551 200 1642 ἢ
228 1551 311 1622 κατὰ
338 1553 375 1622 τὸ
405 1551 649 1640 θεραπευτικὸν
676 1555 744 1620 τῶν
770 1557 893 1622 παθῶν
921 1559 1056 1642 βιβλίον
1074 1546 1149 1634 ,ὧδε
1173 1560 1254 1642 ἔχει·
1278 1557 1343 1625 'ot'-

181 1664 289 1742 εκείως
312 1660 347 1728 di
371 1662 424 1730 ιιιιλ
451 1659 536 1750 ὁρμὴ
561 1659 789 1742 πλεονάζουσα
813 1663 941 1749 λέγεται
965 1659 1112 1732 εἶναιτὸ
1137 1663 1263 1750 πάθος,
1293 1661 1345 1746 ὥς

180 1765 236 1836 ‘dv
257 1795 308 1848 τις
335 1769 388 1836 ἐπὶ
419 1771 487 1836 των
517 1769 751 1854 ἐκφερομένων
778 1768 946 1854 κινήσεων
973 1767 1225 1852 πλεονάζοισαν
1247 1777 1344 1858 κίνη-

180 1877 249 1945 ‘mv
272 1885 370 1960 ελποι,
392 1880 454 1945 τοῦ
472 1879 688 1964 πλεονασμοῦ
711 1877 749 1944 έν
772 1872 856 1968 αι’·τξ,1
881 1880 1063 1967 γινομένου
1086 1875 1169 1946 κατὰ
1193 1875 1255 1964 τὴν
1279 1881 1347 1947 τοῦ

142 2007 167 2047 1³
181 1984 298 2071 *λόγου
325 1980 544 2073 daoorpotpipa
571 1991 592 2066 †
620 1983 673 2052 rud
704 1983 739 2054 τὸ
769 1985 852 2054 άνεν
884 1989 945 2055 τοῦ
972 1989 1187 2074 πλεονασμοῦ
1214 1983 1346 2054 τούτου

181 2091 369 2162 ‘onerantia
417 2089 666 2180 ὑπερβαίνουσα
695 2099 758 2179 γάρ
788 2097 848 2162 τὸν
877 2092 981 2182 λόγον
1011 2091 1029 2182 ἡ
1054 2090 1140 2184 ὁρμὴ
1170 2094 1222 2164 καὶ
1247 2094 1345 2182 παρὰ

217 2287 392 2356 θιατάντες
410 2292 447 2348 Μ.
469 2321 502 2332 -
526 2297 542 2346 8
562 2285 578 2346 ὅ
599 2293 627 2344 τί
643 2283 707 2344 ποτ’
728 2291 809 2345 codd.
828 2291 890 2346 edd.
910 2285 926 2345 ὅ
946 2311 969 2346 τι
992 2289 1058 2347 ποτὶ
1079 2307 1138 2346 noe.
1158 2321 1191 2332 -
1218 2297 1250 2348 to
1270 2293 1344 2361 χρῆ·

176 2365 225 2428 ως
243 2381 295 2437 pro
314 2362 394 2434 ρῆυις
412 2363 450 2418 λΙ.
475 2393 509 2405 -
535 2372 568 2419 15
591 2366 657 2452 poet
678 2357 864 2430 ἀποστροφὴν
888 2363 1024 2418 nonnulla
1047 2362 1184 2418 excidisse
1207 2363 1346 2420 ridentur

182 2441 232 2493 ant
252 2437 430 2494 scribendum
450 2435 570 2492 tortasse
589 2431 775 2503 ιιπυστροφήν
794 2431 876 2498 ὄντος
894 2431 967 2490 ἄνευ
986 2455 1009 2491 τ.
1029 2455 1058 2490 π.
1077 2454 1100 2489 τ.
1119 2435 1266 2490 raetiani.
1286 2465 1321 2478 ·-

179 2639 408 2726 quaestionum
438 2637 525 2702 ultra
554 2635 694 2701 rationis
722 2636 943 2701 constantiam
971 2635 1042 2702 fieri
1070 2633 1201 2722 quidem
1229 2641 1345 2704 motus

179 2747 371 2814 effusionem
401 2745 461 2828 ait,
490 2765 623 2810 corisum
652 2759 776 2826 tamen,
804 2766 867 2828 qua
896 2765 934 2810 ea
964 2741 1118 2828 efficitur,
1144 2767 1212 2810 non
1239 2743 1345 2813 addit.

179 2853 282 2941 Atqui
304 2875 346 2920 ne
369 2853 422 2920 hic
446 2851 577 2938 quidem
601 2850 741 2916 debebat
765 2851 935 2936 implicare
958 2857 992 2916 ct
1015 2851 1206 2936 perturbare
1230 2851 1346 2938 dispu-

180 2962 339 3030 tationem
358 2962 391 3026 in
409 2959 648 3046 longitudinem
665 2959 864 3026 extendendo
884 2981 1171 3045 supervacaneum,
1189 2959 1244 3026 sed
1263 2981 1344 3026 cau·

180 3093 266 3154 sam,
290 3091 347 3134 eur
371 3069 528 3134 redundet
552 3067 732 3153 appetitus,
761 3067 893 3134 reddere
922 3082 1019 3154 atque
1048 3069 1094 3134 ita
1119 3091 1153 3132 se
1178 3067 1344 3153 expedire.

126 3173 136 3196 '
181 3175 273 3244 Sicut
296 3176 382 3243 euim
406 3175 441 3242 in
463 3175 526 3260 his,
549 3176 605 3262 qui
628 3197 686 3261 per
709 3175 847 3242 decliria
872 3181 1016 3260 currtmt,
1039 3197 1103 3242 una
1126 3197 1201 3242 cum
1224 3174 1343 3242 τολυπ-

181 3291 249 3352 tate
273 3284 371 3352 etiam
401 3285 548 3370 corporis
577 3283 725 3371 gravitas
750 3305 848 3349 causa
877 3301 987 3350 motus
1011 3289 1076 3366 est,
1103 3283 1151 3350 ita
1179 3284 1214 3352 in
1237 3283 1342 3351 animi

180 3391 484 3479 perturbationibus
504 3391 580 3478 quid
606 3390 737 3457 tandem
761 3391 849 3457 aliud
870 3392 910 3456 ud
930 3389 1122 3458 rationalem
1146 3392 1342 3459 t'acultadem

180 3501 361 3584 accederet,
393 3498 479 3586 qttod
506 3498 742 3566 immoderatae
770 3499 860 3564 iltius
889 3503 935 3569 et.
962 3497 1238 3585 quernadmodum
1266 3499 1342 3586 ipse

179 3607 341 3694 appellat,
378 3609 499 3674 ettitsae
535 3605 692 3674 motionis
727 3630 825 3673 caum
859 3611 959 3690 esset,
995 3628 1157 3692 exponere
1189 3607 1341 3674 debebat.

181 3714 271 3792 Quae
295 3738 371 3782 tero
395 3717 429 3784 in
452 3714 537 3780 libro
566 3714 606 3780 de
629 3715 912 3799 perturbationum
937 3715 1105 3782 curatione
1133 3715 1262 3790 scribit,
1289 3715 1340 3782 ita

181 3848 215 3890 ae
239 3823 376 3890 habent:
419 3822 599 3909 ‘Proprie
624 3821 743 3888 etiam
768 3824 969 3908 appetitus
994 3823 1215 3890 redundans
1239 3823 1338 3890 dici·

182 3937 245 3997 tur
272 3953 357 3996 esse
385 3931 651 4018 perturbatio,
680 3931 841 4015 perinde
870 3955 912 3996 uc
939 3932 974 3996 si
1004 3931 1088 4018 quis
1117 3931 1338 4000 effusorum

182 4043 351 4106 motuum
375 4039 637 4126 agitationem
662 4038 940 4105 redundantem
960 4038 1150 4125 appellet,
1173 4061 1256 4106 eum
1279 4061 1338 4105 re·

182 4147 396 4216 dundantia
420 4146 489 4212 illa
518 4139 707 4233 gignatur
730 4169 771 4212 ex
797 4147 1009 4214 aversione
1033 4146 1218 4234 rationis,
1241 4171 1339 4236 quae

182 4253 333 4342 quidem
353 4253 438 4322 sine
461 4253 532 4322 hae
552 4255 812 4322 redundantia
831 4255 1021 4322 salutaris
1040 4259 1108 4322 cst.
1146 4255 1216 4332 Qui
1236 4257 1338 4324 enim

184 4363 478 4451 transgreditur
497 4365 689 4432 rationem
710 4365 911 4452 appetitus
931 4369 969 4430 et
992 4367 1129 4432 eontra
1147 4387 1228 4431 eam
1252 4387 1337 4451 pro·
