<?xml version="1.0" encoding="UTF-8"?>
<!DOCTYPE html PUBLIC "-//W3C//DTD XHTML 1.0 Transitional//EN"
    "http://www.w3.org/TR/xhtml1/DTD/xhtml1-transitional.dtd">
<html xmlns="http://www.w3.org/1999/xhtml" xml:lang="en" lang="en">
 <head>
  <title>
</title>
<meta http-equiv="Content-Type" content="text/html;charset=utf-8" />
  <meta name='ocr-system' content='tesseract 3.04.00' />
  <meta name='ocr-capabilities' content='ocr_page ocr_carea ocr_par ocr_line ocrx_word'/>
</head>
<body>
  <div class='ocr_page' id='page_1' title='image "./claudiigalenide01mlgoog_0502.png"; bbox 0 0 2992 5034; ppageno 0'>
   <div class='ocr_carea' id='block_1_1' title="bbox 560 309 812 403">
    <p class='ocr_par' dir='ltr' id='par_1_1' title="bbox 560 309 812 403">
     <span class='ocr_line' id='line_1_1' title="bbox 560 309 812 403; baseline 0 -28"><span class='ocrx_word' id='word_1_1' title='bbox 560 343 603 356; x_wconf 90' lang='lat'><em>-</em></span> <span class='ocrx_word' id='word_1_2' title='bbox 653 309 812 403; x_wconf 60' lang='lat' dir='ltr'><strong>aso-7</strong></span> 
     </span>
    </p>
   </div>
   <div class='ocr_carea' id='block_1_2' title="bbox 109 464 1368 2286">
    <p class='ocr_par' dir='ltr' id='par_1_2' title="bbox 112 464 1266 557">
     <span class='ocr_line' id='line_1_2' title="bbox 112 464 1266 557; baseline 0.003 -21"><span class='ocrx_word' id='word_1_3' title='bbox 112 488 164 536; x_wconf 93' lang='grc' dir='ltr'><strong><em>σιν</em></strong></span> <span class='ocrx_word' id='word_1_4' title='bbox 180 471 327 556; x_wconf 80' lang='grc' dir='ltr'><strong><em>αἵματος.</em></strong></span> <span class='ocrx_word' id='word_1_5' title='bbox 363 465 406 538; x_wconf 82' lang='grc' dir='ltr'><strong>οὐ</strong></span> <span class='ocrx_word' id='word_1_6' title='bbox 429 465 494 556; x_wconf 79' lang='grc' dir='ltr'><strong>γὰρ</strong></span> <span class='ocrx_word' id='word_1_7' title='bbox 514 464 665 557; x_wconf 84' lang='grc' dir='ltr'><strong><em>ἐρυθρὸν</em></strong></span> <span class='ocrx_word' id='word_1_8' title='bbox 685 469 811 538; x_wconf 80' lang='grc' dir='ltr'><strong><em>έκεῖνοί</em></strong></span> <span class='ocrx_word' id='word_1_9' title='bbox 831 493 867 554; x_wconf 86' lang='grc' dir='ltr'><strong>γε</strong></span> <span class='ocrx_word' id='word_1_10' title='bbox 891 465 1012 556; x_wconf 83' lang='grc' dir='ltr'><strong><em>χυμόν,</em></strong></span> <span class='ocrx_word' id='word_1_11' title='bbox 1034 464 1120 538; x_wconf 80' lang='grc' dir='ltr'><strong><em>ἀλλὰ</em></strong></span> <span class='ocrx_word' id='word_1_12' title='bbox 1142 467 1266 540; x_wconf 80' lang='grc' dir='ltr'><strong><em>λευκὸν</em></strong></span> 
     </span>
    </p>

    <p class='ocr_par' dir='ltr' id='par_1_3' title="bbox 111 566 1265 664">
     <span class='ocr_line' id='line_1_3' title="bbox 111 566 1265 664; baseline 0.003 -20"><span class='ocrx_word' id='word_1_13' title='bbox 111 577 161 644; x_wconf 80' lang='grc' dir='ltr'><strong>καί</strong></span> <span class='ocrx_word' id='word_1_14' title='bbox 183 581 344 664; x_wconf 78' lang='grc' dir='ltr'><strong>γλίσχρον</strong></span> <span class='ocrx_word' id='word_1_15' title='bbox 367 575 565 664; x_wconf 76' lang='grc' dir='ltr'><strong><em>ἐργάζεσθαι</em></strong></span> <span class='ocrx_word' id='word_1_16' title='bbox 593 574 799 661; x_wconf 75' lang='grc' dir='ltr'><em>πεφύκασιν,</em></span> <span class='ocrx_word' id='word_1_17' title='bbox 829 577 862 658; x_wconf 83' lang='grc' dir='ltr'><strong>έξ</strong></span> <span class='ocrx_word' id='word_1_18' title='bbox 886 566 928 644; x_wconf 81' lang='grc' dir='ltr'><strong>οὗ</strong></span> <span class='ocrx_word' id='word_1_19' title='bbox 955 573 973 664; x_wconf 79' lang='grc' dir='ltr'><strong><em>ἦ</em></strong></span> <span class='ocrx_word' id='word_1_20' title='bbox 995 602 1030 644; x_wconf 88' lang='grc' dir='ltr'><strong>τε</strong></span> <span class='ocrx_word' id='word_1_21' title='bbox 1054 577 1183 664; x_wconf 84' lang='grc' dir='ltr'><strong><em>γένεσις</em></strong></span> <span class='ocrx_word' id='word_1_22' title='bbox 1205 575 1265 648; x_wconf 79' lang='grc' dir='ltr'><strong>αὐ-</strong></span> 
     </span>
    </p>

    <p class='ocr_par' dir='ltr' id='par_1_4' title="bbox 110 679 1368 1422">
     <span class='ocr_line' id='line_1_4' title="bbox 112 679 1368 775; baseline 0.005 -24"><span class='ocrx_word' id='word_1_23' title='bbox 112 697 176 764; x_wconf 74' lang='grc' dir='ltr'><strong><em>τοῖς</em></strong></span> <span class='ocrx_word' id='word_1_24' title='bbox 197 684 288 752; x_wconf 74' lang='grc' dir='ltr'><strong><em>ἐστιν</em></strong></span> <span class='ocrx_word' id='word_1_25' title='bbox 311 679 334 771; x_wconf 77' lang='grc' dir='ltr'><strong><em>ἦ</em></strong></span> <span class='ocrx_word' id='word_1_26' title='bbox 357 709 391 752; x_wconf 84' lang='grc' dir='ltr'><strong>τε</strong></span> <span class='ocrx_word' id='word_1_27' title='bbox 415 681 554 772; x_wconf 79' lang='grc' dir='ltr'><strong><em>αὔξησίς</em></strong></span> <span class='ocrx_word' id='word_1_28' title='bbox 575 709 610 752; x_wconf 84' lang='grc' dir='ltr'><strong>τε</strong></span> <span class='ocrx_word' id='word_1_29' title='bbox 634 685 690 752; x_wconf 81' lang='grc' dir='ltr'><strong>καὶ</strong></span> <span class='ocrx_word' id='word_1_30' title='bbox 713 687 847 770; x_wconf 70' lang='grc' dir='ltr'><strong><em>θρέψις·</em></strong></span> <span class='ocrx_word' id='word_1_31' title='bbox 873 681 1104 754; x_wconf 76' lang='grc' dir='ltr'><strong><em>ἀποδέδεικται</em></strong></span> <span class='ocrx_word' id='word_1_32' title='bbox 1129 685 1166 755; x_wconf 69' lang='lat' dir='ltr'><strong>oz</strong></span> <span class='ocrx_word' id='word_1_33' title='bbox 1188 687 1263 775; x_wconf 72' lang='grc' dir='ltr'><strong><em>περὶ</em></strong></span> <span class='ocrx_word' id='word_1_34' title='bbox 1364 755 1368 764; x_wconf 84' lang='grc'><strong><em>,</em></strong></span> 
     </span>
     <span class='ocr_line' id='line_1_5' title="bbox 110 788 1290 884; baseline 0.004 -26"><span class='ocrx_word' id='word_1_35' title='bbox 110 788 234 860; x_wconf 82' lang='grc' dir='ltr'><strong><em>τούτων</em></strong></span> <span class='ocrx_word' id='word_1_36' title='bbox 256 791 295 860; x_wconf 76' lang='grc' dir='ltr'><strong>ἐν</strong></span> <span class='ocrx_word' id='word_1_37' title='bbox 322 794 368 883; x_wconf 79' lang='grc' dir='ltr'><strong>τῷ</strong></span> <span class='ocrx_word' id='word_1_38' title='bbox 391 793 543 884; x_wconf 77' lang='grc' dir='ltr'><strong><em>προτέρῳ</em></strong></span> <span class='ocrx_word' id='word_1_39' title='bbox 566 791 638 880; x_wconf 72' lang='grc' dir='ltr'><strong><em>περὶ</em></strong></span> <span class='ocrx_word' id='word_1_40' title='bbox 665 793 852 880; x_wconf 76' lang='grc' dir='ltr'><strong><em>σπέρματος</em></strong></span> <span class='ocrx_word' id='word_1_41' title='bbox 879 791 1056 880; x_wconf 80' lang='grc' dir='ltr'><strong><em>γράμματι.</em></strong></span> <span class='ocrx_word' id='word_1_42' title='bbox 1101 793 1155 862; x_wconf 80' lang='grc' dir='ltr'><strong>καί</strong></span> <span class='ocrx_word' id='word_1_43' title='bbox 1184 793 1290 884; x_wconf 55' lang='lat' dir='ltr'><strong>pilia*</strong></span> 
     </span>
     <span class='ocr_line' id='line_1_6' title="bbox 111 895 1328 992; baseline 0.005 -27"><span class='ocrx_word' id='word_1_44' title='bbox 111 907 196 988; x_wconf 77' lang='grc' dir='ltr'><strong><em>εἰπερ</em></strong></span> <span class='ocrx_word' id='word_1_45' title='bbox 218 903 265 980; x_wconf 79' lang='grc' dir='ltr'><strong>είς</strong></span> <span class='ocrx_word' id='word_1_46' title='bbox 283 895 408 988; x_wconf 80' lang='grc' dir='ltr'>ὁμοίαν</span> <span class='ocrx_word' id='word_1_47' title='bbox 431 900 527 968; x_wconf 79' lang='grc' dir='ltr'><strong><em>ίόέαν</em></strong></span> <span class='ocrx_word' id='word_1_48' title='bbox 549 902 595 991; x_wconf 79' lang='grc' dir='ltr'><strong>τῷ</strong></span> <span class='ocrx_word' id='word_1_49' title='bbox 619 900 861 988; x_wconf 76' lang='grc' dir='ltr'><em>μεταβάλλοντι</em></span> <span class='ocrx_word' id='word_1_50' title='bbox 883 905 887 992; x_wconf 75' lang='lat' dir='ltr'><strong>l</strong></span> <span class='ocrx_word' id='word_1_51' title='bbox 908 899 944 970; x_wconf 85' lang='grc' dir='ltr'><strong>τὸ</strong></span> <span class='ocrx_word' id='word_1_52' title='bbox 969 899 1328 990; x_wconf 69' lang='grc' dir='ltr'><strong><em>μεταβαίλόμενονὸσῖ</em></strong></span> 
     </span>
     <span class='ocr_line' id='line_1_7' title="bbox 110 991 1264 1098; baseline 0.005 -24"><span class='ocrx_word' id='word_1_53' title='bbox 110 1003 378 1096; x_wconf 60' lang='lat' dir='ltr'><strong>&amp;pincinnatis</strong></span> <span class='ocrx_word' id='word_1_54' title='bbox 396 1011 458 1078; x_wconf 86' lang='grc' dir='ltr'><strong>τοῦ</strong></span> <span class='ocrx_word' id='word_1_55' title='bbox 478 1003 603 1096; x_wconf 78' lang='grc' dir='ltr'><strong><em>ἥπατος</em></strong></span> <span class='ocrx_word' id='word_1_56' title='bbox 621 1005 727 1078; x_wconf 81' lang='grc' dir='ltr'><strong><em>αὐτοῦ</em></strong></span> <span class='ocrx_word' id='word_1_57' title='bbox 746 1007 869 1097; x_wconf 85' lang='grc' dir='ltr'><strong><em>σαρκὸς</em></strong></span> <span class='ocrx_word' id='word_1_58' title='bbox 884 991 989 1077; x_wconf 70' lang='grc' dir='ltr'><strong><em>οὐδὲν</em></strong></span> <span class='ocrx_word' id='word_1_59' title='bbox 1007 1005 1052 1078; x_wconf 78' lang='grc' dir='ltr'><strong>ἂν</strong></span> <span class='ocrx_word' id='word_1_60' title='bbox 1070 1007 1183 1098; x_wconf 81' lang='grc' dir='ltr'><strong><em>εὕροις</em></strong></span> <span class='ocrx_word' id='word_1_61' title='bbox 1197 1011 1264 1080; x_wconf 73' lang='lat' dir='ltr'><strong>im·</strong></span> 
     </span>
     <span class='ocr_line' id='line_1_8' title="bbox 111 1111 1264 1208; baseline 0.005 -26"><span class='ocrx_word' id='word_1_62' title='bbox 111 1115 319 1204; x_wconf 76' lang='grc' dir='ltr'><strong><em>τιγδειότερυν</em></strong></span> <span class='ocrx_word' id='word_1_63' title='bbox 346 1119 394 1197; x_wconf 84' lang='grc' dir='ltr'><strong>είς</strong></span> <span class='ocrx_word' id='word_1_64' title='bbox 417 1119 557 1204; x_wconf 77' lang='grc' dir='ltr'><strong><em>αἵματος</em></strong></span> <span class='ocrx_word' id='word_1_65' title='bbox 579 1117 723 1204; x_wconf 87' lang='grc' dir='ltr'><strong><em>γένεσιν.</em></strong></span> <span class='ocrx_word' id='word_1_66' title='bbox 760 1122 790 1186; x_wconf 85' lang='grc' dir='ltr'><strong>εἰ</strong></span> <span class='ocrx_word' id='word_1_67' title='bbox 812 1117 876 1204; x_wconf 78' lang='grc' dir='ltr'><strong>γὰρ</strong></span> <span class='ocrx_word' id='word_1_68' title='bbox 895 1124 1085 1206; x_wconf 79' lang='grc' dir='ltr'><strong><em>παχυνθείη</em></strong></span> <span class='ocrx_word' id='word_1_69' title='bbox 1108 1116 1145 1188; x_wconf 88' lang='grc' dir='ltr'><strong>τὸ</strong></span> <span class='ocrx_word' id='word_1_70' title='bbox 1170 1111 1264 1208; x_wconf 81' lang='grc' dir='ltr'><strong><em>αἷμα,</em></strong></span> 
     </span>
     <span class='ocr_line' id='line_1_9' title="bbox 111 1219 1265 1314; baseline 0.004 -24"><span class='ocrx_word' id='word_1_71' title='bbox 111 1221 189 1310; x_wconf 75' lang='grc' dir='ltr'><strong><em>σιἰρξ</em></strong></span> <span class='ocrx_word' id='word_1_72' title='bbox 207 1221 330 1311; x_wconf 73' lang='grc' dir='ltr'><strong><em>ἥπατος</em></strong></span> <span class='ocrx_word' id='word_1_73' title='bbox 347 1220 488 1312; x_wconf 72' lang='grc' dir='ltr'><strong><em>ἀκριβὴς</em></strong></span> <span class='ocrx_word' id='word_1_74' title='bbox 506 1219 809 1312; x_wconf 77' lang='grc' dir='ltr'><strong><em>ἆπεργασθήσιται.</em></strong></span> <span class='ocrx_word' id='word_1_75' title='bbox 844 1227 951 1294; x_wconf 84' lang='grc' dir='ltr'><strong><em>πολλὰ</em></strong></span> <span class='ocrx_word' id='word_1_76' title='bbox 971 1224 1007 1294; x_wconf 80' lang='lat' dir='ltr'><strong>eli</strong></span> <span class='ocrx_word' id='word_1_77' title='bbox 1027 1221 1265 1314; x_wconf 76' lang='grc' dir='ltr'><strong><em>ἀγνοήσαντες,</em></strong></span> 
     </span>
     <span class='ocr_line' id='line_1_10' title="bbox 111 1328 1264 1422; baseline 0.005 -24"><span class='ocrx_word' id='word_1_78' title='bbox 111 1328 211 1418; x_wconf 78' lang='grc' dir='ltr'><strong><em>οἶμαι,</em></strong></span> <span class='ocrx_word' id='word_1_79' title='bbox 232 1335 302 1400; x_wconf 78' lang='grc' dir='ltr'><strong>τῶν</strong></span> <span class='ocrx_word' id='word_1_80' title='bbox 324 1335 480 1420; x_wconf 77' lang='grc' dir='ltr'><strong><em>φυσικῶν</em></strong></span> <span class='ocrx_word' id='word_1_81' title='bbox 503 1335 539 1401; x_wconf 79' lang='lat' dir='ltr'><strong>ol</strong></span> <span class='ocrx_word' id='word_1_82' title='bbox 558 1340 708 1402; x_wconf 85' lang='grc' dir='ltr'><strong><em>πλεῖστοι</em></strong></span> <span class='ocrx_word' id='word_1_83' title='bbox 735 1328 909 1422; x_wconf 77' lang='grc' dir='ltr'><strong>πράγμαθ’</strong></span> <span class='ocrx_word' id='word_1_84' title='bbox 942 1329 1022 1420; x_wconf 73' lang='grc' dir='ltr'><strong><em>ἡμῖν</em></strong></span> <span class='ocrx_word' id='word_1_85' title='bbox 1047 1333 1264 1422; x_wconf 80' lang='grc' dir='ltr'><strong><em>παρέχουσιν,</em></strong></span> 
     </span>
    </p>

    <p class='ocr_par' dir='ltr' id='par_1_5' title="bbox 109 1429 1362 1854">
     <span class='ocr_line' id='line_1_11' title="bbox 109 1429 1362 1528; baseline 0.005 -22"><span class='ocrx_word' id='word_1_86' title='bbox 109 1429 158 1506; x_wconf 82' lang='lat' dir='ltr'><strong>niv</strong></span> <span class='ocrx_word' id='word_1_87' title='bbox 182 1437 264 1508; x_wconf 80' lang='grc' dir='ltr'><strong><em>ἄλλα</em></strong></span> <span class='ocrx_word' id='word_1_88' title='bbox 291 1440 330 1508; x_wconf 82' lang='grc' dir='ltr'><strong>τέ</strong></span> <span class='ocrx_word' id='word_1_89' title='bbox 355 1439 432 1510; x_wconf 84' lang='grc' dir='ltr'><strong><em>τινοί</em></strong></span> <span class='ocrx_word' id='word_1_90' title='bbox 464 1440 533 1510; x_wconf 76' lang='grc' dir='ltr'><strong><em>ἐστι</em></strong></span> <span class='ocrx_word' id='word_1_91' title='bbox 561 1440 615 1508; x_wconf 82' lang='grc' dir='ltr'><strong>καί</strong></span> <span class='ocrx_word' id='word_1_92' title='bbox 648 1441 689 1509; x_wconf 83' lang='grc' dir='ltr'><strong><em>τίι</em></strong></span> <span class='ocrx_word' id='word_1_93' title='bbox 722 1438 778 1510; x_wconf 72' lang='grc' dir='ltr'><strong><em>διὰ</em></strong></span> <span class='ocrx_word' id='word_1_94' title='bbox 811 1445 869 1527; x_wconf 67' lang='grc' dir='ltr'><strong>τῆς</strong></span> <span class='ocrx_word' id='word_1_95' title='bbox 897 1442 972 1528; x_wconf 81' lang='grc' dir='ltr'><strong><em>περὶ</em></strong></span> <span class='ocrx_word' id='word_1_96' title='bbox 1006 1443 1076 1509; x_wconf 71' lang='grc' dir='ltr'><strong><em>τοῖν</em></strong></span> <span class='ocrx_word' id='word_1_97' title='bbox 1109 1443 1264 1528; x_wconf 74' lang='grc' dir='ltr'><strong><em>φυσικῶν</em></strong></span> <span class='ocrx_word' id='word_1_98' title='bbox 1280 1465 1305 1504; x_wconf 78' lang='lat' dir='ltr'><strong><em>w</em></strong></span> <span class='ocrx_word' id='word_1_99' title='bbox 1358 1505 1362 1512; x_wconf 90' lang='grc'><strong>.</strong></span> 
     </span>
     <span class='ocr_line' id='line_1_12' title="bbox 113 1543 1263 1639; baseline 0.003 -25"><span class='ocrx_word' id='word_1_100' title='bbox 113 1547 286 1636; x_wconf 64' lang='lat' dir='ltr'><strong>aviancos</strong></span> <span class='ocrx_word' id='word_1_101' title='bbox 309 1555 534 1637; x_wconf 77' lang='grc' dir='ltr'><strong><em>πραγματείας</em></strong></span> <span class='ocrx_word' id='word_1_102' title='bbox 557 1543 830 1637; x_wconf 80' lang='grc' dir='ltr'><strong><em>ἀποὸεὸειγμένα.</em></strong></span> <span class='ocrx_word' id='word_1_103' title='bbox 875 1549 1120 1634; x_wconf 78' lang='grc' dir='ltr'><strong><em>περιστέλλεται</em></strong></span> <span class='ocrx_word' id='word_1_104' title='bbox 1150 1545 1215 1638; x_wconf 78' lang='grc' dir='ltr'><strong>γὰρ</strong></span> <span class='ocrx_word' id='word_1_105' title='bbox 1242 1546 1263 1639; x_wconf 84' lang='grc' dir='ltr'><em>ἡ</em></span> 
     </span>
     <span class='ocr_line' id='line_1_13' title="bbox 110 1652 1265 1746; baseline 0.002 -23"><span class='ocrx_word' id='word_1_106' title='bbox 110 1655 232 1744; x_wconf 81' lang='grc' dir='ltr'><strong><em>γαστίγρ</em></strong></span> <span class='ocrx_word' id='word_1_107' title='bbox 253 1669 325 1736; x_wconf 72' lang='grc' dir='ltr'><strong><em>τοῖς</em></strong></span> <span class='ocrx_word' id='word_1_108' title='bbox 346 1661 467 1738; x_wconf 79' lang='grc' dir='ltr'><strong><em>σιτίοις</em></strong></span> <span class='ocrx_word' id='word_1_109' title='bbox 489 1657 631 1726; x_wconf 77' lang='grc' dir='ltr'><strong><em>ἕλκουσα</em></strong></span> <span class='ocrx_word' id='word_1_110' title='bbox 658 1654 720 1724; x_wconf 86' lang='grc' dir='ltr'><strong>τὸν</strong></span> <span class='ocrx_word' id='word_1_111' title='bbox 733 1662 869 1726; x_wconf 82' lang='grc' dir='ltr'><strong><em>ὀἰκεῖον</em></strong></span> <span class='ocrx_word' id='word_1_112' title='bbox 893 1657 993 1746; x_wconf 72' lang='grc' dir='ltr'><strong><em>ἑαυτῇ</em></strong></span> <span class='ocrx_word' id='word_1_113' title='bbox 1016 1653 1125 1744; x_wconf 85' lang='grc' dir='ltr'><strong><em>χυμὸν</em></strong></span> <span class='ocrx_word' id='word_1_114' title='bbox 1150 1657 1184 1739; x_wconf 71' lang='grc' dir='ltr'><strong>ἐξ</strong></span> <span class='ocrx_word' id='word_1_115' title='bbox 1206 1652 1265 1726; x_wconf 79' lang='grc' dir='ltr'><strong>οὐ·</strong></span> 
     </span>
     <span class='ocr_line' id='line_1_14' title="bbox 109 1759 1264 1854; baseline 0.003 -24"><span class='ocrx_word' id='word_1_116' title='bbox 109 1767 189 1848; x_wconf 78' lang='grc' dir='ltr'><strong><em>τών,</em></strong></span> <span class='ocrx_word' id='word_1_117' title='bbox 217 1771 288 1834; x_wconf 80' lang='grc' dir='ltr'><strong><em>ἔστι</em></strong></span> <span class='ocrx_word' id='word_1_118' title='bbox 312 1759 356 1832; x_wconf 74' lang='grc' dir='ltr'><strong>ἂν</strong></span> <span class='ocrx_word' id='word_1_119' title='bbox 377 1759 598 1832; x_wconf 75' lang='grc' dir='ltr'><strong><em>ἀπολαύσασα</em></strong></span> <span class='ocrx_word' id='word_1_120' title='bbox 625 1765 680 1833; x_wconf 81' lang='grc' dir='ltr'><strong>καὶ</strong></span> <span class='ocrx_word' id='word_1_121' title='bbox 708 1767 826 1844; x_wconf 83' lang='grc' dir='ltr'><strong><em>τελέως</em></strong></span> <span class='ocrx_word' id='word_1_122' title='bbox 850 1765 1078 1854; x_wconf 80' lang='grc' dir='ltr'><strong><em>ἐμπλιγσθεῖσα</em></strong></span> <span class='ocrx_word' id='word_1_123' title='bbox 1102 1761 1264 1853; x_wconf 74' lang='grc' dir='ltr'><strong><em>ὁιοίσιγται</em></strong></span> 
     </span>
    </p>

    <p class='ocr_par' dir='ltr' id='par_1_6' title="bbox 109 1862 1265 1960">
     <span class='ocr_line' id='line_1_15' title="bbox 109 1862 1265 1960; baseline 0.003 -21"><span class='ocrx_word' id='word_1_124' title='bbox 109 1869 146 1938; x_wconf 87' lang='grc' dir='ltr'><strong>τὸ</strong></span> <span class='ocrx_word' id='word_1_125' title='bbox 168 1870 321 1960; x_wconf 83' lang='grc' dir='ltr'><strong><em>περιττὸν</em></strong></span> <span class='ocrx_word' id='word_1_126' title='bbox 343 1868 434 1940; x_wconf 77' lang='grc' dir='ltr'><strong><em>ἅπαν</em></strong></span> <span class='ocrx_word' id='word_1_127' title='bbox 457 1875 505 1952; x_wconf 85' lang='grc' dir='ltr'><strong>είς</strong></span> <span class='ocrx_word' id='word_1_128' title='bbox 531 1867 594 1960; x_wconf 80' lang='grc' dir='ltr'><strong>τὴν</strong></span> <span class='ocrx_word' id='word_1_129' title='bbox 623 1876 752 1958; x_wconf 78' lang='grc' dir='ltr'><strong><em>νῆστιν.</em></strong></span> <span class='ocrx_word' id='word_1_130' title='bbox 796 1874 957 1942; x_wconf 74' lang='grc' dir='ltr'><strong><em>ἐντεῦθεν</em></strong></span> <span class='ocrx_word' id='word_1_131' title='bbox 984 1871 1020 1940; x_wconf 78' lang='lat' dir='ltr'><strong>(ll</strong></span> <span class='ocrx_word' id='word_1_132' title='bbox 1048 1862 1151 1954; x_wconf 80' lang='grc' dir='ltr'><strong><em>αὖθις</em></strong></span> <span class='ocrx_word' id='word_1_133' title='bbox 1178 1873 1265 1943; x_wconf 79' lang='grc' dir='ltr'><strong><em>ἕλκει</em></strong></span> 
     </span>
    </p>

    <p class='ocr_par' dir='ltr' id='par_1_7' title="bbox 110 1971 1346 2286">
     <span class='ocr_line' id='line_1_16' title="bbox 111 1971 1306 2070; baseline 0.003 -24"><span class='ocrx_word' id='word_1_134' title='bbox 111 1977 147 2047; x_wconf 83' lang='grc' dir='ltr'><strong>τὸ</strong></span> <span class='ocrx_word' id='word_1_135' title='bbox 176 1971 263 2068; x_wconf 75' lang='grc' dir='ltr'><strong><em>ἧπαρ</em></strong></span> <span class='ocrx_word' id='word_1_136' title='bbox 291 1983 339 2060; x_wconf 81' lang='grc' dir='ltr'><strong>είς</strong></span> <span class='ocrx_word' id='word_1_137' title='bbox 366 1977 465 2050; x_wconf 78' lang='grc' dir='ltr'><strong><em>ἑαυτὸ</em></strong></span> <span class='ocrx_word' id='word_1_138' title='bbox 498 1982 848 2068; x_wconf 87' lang='grc' dir='ltr'><strong><em>προκατειργασμένον</em></strong></span> <span class='ocrx_word' id='word_1_139' title='bbox 876 1977 980 2050; x_wconf 81' lang='grc' dir='ltr'><strong><em>αὐτὸν</em></strong></span> <span class='ocrx_word' id='word_1_140' title='bbox 1013 1981 1050 2049; x_wconf 77' lang='grc' dir='ltr'><strong>έν</strong></span> <span class='ocrx_word' id='word_1_141' title='bbox 1077 1984 1117 2070; x_wconf 70' lang='grc' dir='ltr'><strong>τῇ</strong></span> <span class='ocrx_word' id='word_1_142' title='bbox 1147 1981 1263 2070; x_wconf 80' lang='grc' dir='ltr'><strong><em>γαστρὶ</em></strong></span> <span class='ocrx_word' id='word_1_143' title='bbox 1280 2003 1306 2044; x_wconf 77' lang='lat'><strong>1⁵</strong></span> 
     </span>
     <span class='ocr_line' id='line_1_17' title="bbox 110 2085 1346 2178; baseline -0.003 -22"><span class='ocrx_word' id='word_1_144' title='bbox 110 2087 188 2156; x_wconf 80' lang='grc' dir='ltr'><strong><em>κατὰ</em></strong></span> <span class='ocrx_word' id='word_1_145' title='bbox 203 2087 264 2156; x_wconf 86' lang='grc' dir='ltr'><strong>τὸν</strong></span> <span class='ocrx_word' id='word_1_146' title='bbox 277 2093 472 2176; x_wconf 76' lang='grc' dir='ltr'><strong><em>ἔμπροσθεν</em></strong></span> <span class='ocrx_word' id='word_1_147' title='bbox 485 2086 623 2176; x_wconf 80' lang='grc' dir='ltr'><strong><em>χρόνον,</em></strong></span> <span class='ocrx_word' id='word_1_148' title='bbox 642 2085 684 2156; x_wconf 80' lang='grc' dir='ltr'><strong>οὐ</strong></span> <span class='ocrx_word' id='word_1_149' title='bbox 702 2087 748 2177; x_wconf 85' lang='grc' dir='ltr'><strong><em>μίι</em></strong></span> <span class='ocrx_word' id='word_1_150' title='bbox 764 2095 833 2158; x_wconf 89' lang='grc' dir='ltr'><strong>Δία</strong></span> <span class='ocrx_word' id='word_1_151' title='bbox 851 2093 909 2178; x_wconf 69' lang='grc' dir='ltr'><strong>τῆς</strong></span> <span class='ocrx_word' id='word_1_152' title='bbox 928 2087 1072 2176; x_wconf 85' lang='grc' dir='ltr'><strong><em>γαστρὸς</em></strong></span> <span class='ocrx_word' id='word_1_153' title='bbox 1091 2089 1188 2158; x_wconf 75' lang='grc' dir='ltr'><strong><em>ἕνεκα</em></strong></span> <span class='ocrx_word' id='word_1_154' title='bbox 1202 2091 1265 2158; x_wconf 85' lang='grc' dir='ltr'><strong>τοῦ</strong></span> <span class='ocrx_word' id='word_1_155' title='bbox 1340 2145 1346 2152; x_wconf 94' lang='grc'>.</span> 
     </span>
     <span class='ocr_line' id='line_1_18' title="bbox 111 2191 1265 2286; baseline 0.003 -22"><span class='ocrx_word' id='word_1_156' title='bbox 111 2193 229 2282; x_wconf 64' lang='grc' dir='ltr'><strong><em>ἥπατος</em></strong></span> <span class='ocrx_word' id='word_1_157' title='bbox 246 2193 448 2284; x_wconf 74' lang='grc' dir='ltr'><strong><em>ἀλλοιούσης</em></strong></span> <span class='ocrx_word' id='word_1_158' title='bbox 467 2191 583 2279; x_wconf 78' lang='grc' dir='ltr'><strong><em>αὐτόν,</em></strong></span> <span class='ocrx_word' id='word_1_159' title='bbox 606 2193 690 2265; x_wconf 77' lang='grc' dir='ltr'><strong><em>ἀλλὰ</em></strong></span> <span class='ocrx_word' id='word_1_160' title='bbox 709 2195 882 2266; x_wconf 77' lang='grc' dir='ltr'><strong><em>ἀδύνατον</em></strong></span> <span class='ocrx_word' id='word_1_161' title='bbox 899 2200 947 2277; x_wconf 81' lang='grc' dir='ltr'><strong>είς</strong></span> <span class='ocrx_word' id='word_1_162' title='bbox 964 2193 1089 2267; x_wconf 81' lang='grc' dir='ltr'><strong><em>ταύτὸν</em></strong></span> <span class='ocrx_word' id='word_1_163' title='bbox 1107 2192 1265 2286; x_wconf 75' lang='grc' dir='ltr'><strong><em>ἀλλήλοις</em></strong></span> 
     </span>
    </p>
   </div>
   <div class='ocr_carea' id='block_1_3' title="bbox 113 2386 1264 2538">
    <p class='ocr_par' dir='ltr' id='par_1_8' title="bbox 113 2386 1264 2538">
     <span class='ocr_line' id='line_1_19' title="bbox 143 2386 1263 2464; baseline 0.004 -16"><span class='ocrx_word' id='word_1_164' title='bbox 143 2399 159 2448; x_wconf 78' lang='lat'><strong>‘2</strong></span> <span class='ocrx_word' id='word_1_165' title='bbox 182 2386 216 2450; x_wconf 78' lang='grc' dir='ltr'><strong>οὖ</strong></span> <span class='ocrx_word' id='word_1_166' title='bbox 243 2396 299 2450; x_wconf 75' lang='lat' dir='ltr'><strong>eice</strong></span> <span class='ocrx_word' id='word_1_167' title='bbox 324 2393 435 2462; x_wconf 74' lang='grc' dir='ltr'><strong><em>γένεσις</em></strong></span> <span class='ocrx_word' id='word_1_168' title='bbox 453 2395 491 2449; x_wconf 78' lang='grc' dir='ltr'><strong>Μ.</strong></span> <span class='ocrx_word' id='word_1_169' title='bbox 515 2425 549 2434; x_wconf 96' lang='grc'>-</span> <span class='ocrx_word' id='word_1_170' title='bbox 575 2389 666 2464; x_wconf 75' lang='grc' dir='ltr'><strong><em>ου’τῆς</em></strong></span> <span class='ocrx_word' id='word_1_171' title='bbox 692 2389 750 2452; x_wconf 72' lang='lat' dir='ltr'><strong>tort</strong></span> <span class='ocrx_word' id='word_1_172' title='bbox 769 2395 806 2451; x_wconf 78' lang='lat' dir='ltr'><strong>M.</strong></span> <span class='ocrx_word' id='word_1_173' title='bbox 830 2425 866 2436; x_wconf 92' lang='lat'><strong>-·</strong></span> <span class='ocrx_word' id='word_1_174' title='bbox 890 2403 924 2450; x_wconf 83' lang='lat'><strong>1⁰</strong></span> <span class='ocrx_word' id='word_1_175' title='bbox 948 2395 998 2452; x_wconf 78' lang='grc' dir='ltr'><strong>ταλ</strong></span> <span class='ocrx_word' id='word_1_176' title='bbox 1020 2389 1074 2464; x_wconf 74' lang='grc' dir='ltr'><strong>τὴν</strong></span> <span class='ocrx_word' id='word_1_177' title='bbox 1097 2391 1146 2450; x_wconf 74' lang='grc' dir='ltr'><strong><em>διὰ</em></strong></span> <span class='ocrx_word' id='word_1_178' title='bbox 1167 2395 1204 2452; x_wconf 79' lang='lat' dir='ltr'><strong>ll.</strong></span> <span class='ocrx_word' id='word_1_179' title='bbox 1229 2425 1263 2436; x_wconf 95' lang='lat'>—</span> 
     </span>
     <span class='ocr_line' id='line_1_20' title="bbox 113 2463 1264 2538; baseline 0.003 -18"><span class='ocrx_word' id='word_1_180' title='bbox 113 2473 143 2520; x_wconf 64' lang='grc' dir='ltr'><strong><em>ιθ</em></strong></span> <span class='ocrx_word' id='word_1_181' title='bbox 162 2467 217 2520; x_wconf 70' lang='grc' dir='ltr'><strong>τῶν</strong></span> <span class='ocrx_word' id='word_1_182' title='bbox 235 2463 350 2520; x_wconf 68' lang='lat' dir='ltr'><strong>eleetos</strong></span> <span class='ocrx_word' id='word_1_183' title='bbox 367 2465 429 2522; x_wconf 82' lang='lat' dir='ltr'><strong>ead.</strong></span> <span class='ocrx_word' id='word_1_184' title='bbox 444 2483 517 2522; x_wconf 84' lang='lat' dir='ltr'><strong>man.</strong></span> <span class='ocrx_word' id='word_1_185' title='bbox 537 2483 608 2523; x_wconf 84' lang='lat' dir='ltr'><strong>corr.</strong></span> <span class='ocrx_word' id='word_1_186' title='bbox 627 2467 656 2522; x_wconf 88' lang='lat' dir='ltr'><strong>in</strong></span> <span class='ocrx_word' id='word_1_187' title='bbox 675 2463 726 2522; x_wconf 82' lang='grc' dir='ltr'><strong>τὸν</strong></span> <span class='ocrx_word' id='word_1_188' title='bbox 745 2465 854 2524; x_wconf 72' lang='lat' dir='ltr'><strong>eluctor</strong></span> <span class='ocrx_word' id='word_1_189' title='bbox 867 2467 904 2522; x_wconf 77' lang='lat' dir='ltr'><strong>M.</strong></span> <span class='ocrx_word' id='word_1_190' title='bbox 924 2497 958 2508; x_wconf 90' lang='lat'>-</span> <span class='ocrx_word' id='word_1_191' title='bbox 980 2475 1012 2524; x_wconf 80' lang='lat'><strong>1³</strong></span> <span class='ocrx_word' id='word_1_192' title='bbox 1032 2463 1176 2538; x_wconf 78' lang='grc' dir='ltr'><strong><em>δηιίορται</em></strong></span> <span class='ocrx_word' id='word_1_193' title='bbox 1195 2467 1264 2524; x_wconf 73' lang='grc' dir='ltr'><strong>ΜΔ.</strong></span> 
     </span>
    </p>
   </div>
   <div class='ocr_carea' id='block_1_4' title="bbox 111 2532 465 2602">
    <p class='ocr_par' dir='ltr' id='par_1_9' title="bbox 111 2532 465 2602">
     <span class='ocr_line' id='line_1_21' title="bbox 111 2532 465 2602; baseline 0 -8"><span class='ocrx_word' id='word_1_194' title='bbox 111 2567 142 2578; x_wconf 92' lang='grc'>-</span> <span class='ocrx_word' id='word_1_195' title='bbox 165 2543 194 2594; x_wconf 87' lang='lat' dir='ltr'><strong>l&#39;l</strong></span> <span class='ocrx_word' id='word_1_196' title='bbox 214 2532 354 2602; x_wconf 77' lang='grc' dir='ltr'><strong><em>ἇλλοίλοις</em></strong></span> <span class='ocrx_word' id='word_1_197' title='bbox 372 2537 410 2594; x_wconf 78' lang='lat' dir='ltr'><strong>M.</strong></span> <span class='ocrx_word' id='word_1_198' title='bbox 431 2569 465 2580; x_wconf 93' lang='lat'>-</span> 
     </span>
    </p>
   </div>
   <div class='ocr_carea' id='block_1_5' title="bbox 104 2739 1341 4452">
    <p class='ocr_par' dir='ltr' id='par_1_10' title="bbox 104 2739 1341 4452">
     <span class='ocr_line' id='line_1_22' title="bbox 108 2739 1264 2828; baseline 0.003 -22"><span class='ocrx_word' id='word_1_199' title='bbox 108 2739 218 2828; x_wconf 65' lang='lat' dir='ltr'><strong>Neque</strong></span> <span class='ocrx_word' id='word_1_200' title='bbox 248 2741 335 2808; x_wconf 85' lang='lat' dir='ltr'><strong>enim</strong></span> <span class='ocrx_word' id='word_1_201' title='bbox 363 2739 498 2806; x_wconf 86' lang='lat' dir='ltr'><strong>rubrum</strong></span> <span class='ocrx_word' id='word_1_202' title='bbox 529 2739 714 2824; x_wconf 84' lang='lat' dir='ltr'><strong>humorem,</strong></span> <span class='ocrx_word' id='word_1_203' title='bbox 746 2741 802 2806; x_wconf 87' lang='lat' dir='ltr'><strong>sed</strong></span> <span class='ocrx_word' id='word_1_204' title='bbox 831 2739 1006 2808; x_wconf 86' lang='lat' dir='ltr'><strong>candidum</strong></span> <span class='ocrx_word' id='word_1_205' title='bbox 1034 2745 1068 2806; x_wconf 88' lang='lat' dir='ltr'><strong>et</strong></span> <span class='ocrx_word' id='word_1_206' title='bbox 1099 2741 1264 2808; x_wconf 80' lang='lat' dir='ltr'><strong>viscosum</strong></span> 
     </span>
     <span class='ocr_line' id='line_1_23' title="bbox 108 2837 1265 2937; baseline 0.002 -23"><span class='ocrx_word' id='word_1_207' title='bbox 108 2855 142 2914; x_wconf 87' lang='lat' dir='ltr'><strong>ut</strong></span> <span class='ocrx_word' id='word_1_208' title='bbox 165 2851 315 2936; x_wconf 74' lang='lat' dir='ltr'><strong>gignant,</strong></span> <span class='ocrx_word' id='word_1_209' title='bbox 337 2853 456 2914; x_wconf 85' lang='lat' dir='ltr'><strong>natura</strong></span> <span class='ocrx_word' id='word_1_210' title='bbox 479 2853 690 2936; x_wconf 78' lang='lat' dir='ltr'><strong>comparatae</strong></span> <span class='ocrx_word' id='word_1_211' title='bbox 713 2855 804 2934; x_wconf 88' lang='lat' dir='ltr'><strong>sunt,</strong></span> <span class='ocrx_word' id='word_1_212' title='bbox 831 2850 915 2916; x_wconf 87' lang='lat' dir='ltr'><strong>uude</strong></span> <span class='ocrx_word' id='word_1_213' title='bbox 939 2853 973 2916; x_wconf 83' lang='lat' dir='ltr'><strong>et</strong></span> <span class='ocrx_word' id='word_1_214' title='bbox 999 2837 1091 2934; x_wconf 83' lang='lat' dir='ltr'><strong>ipsae</strong></span> <span class='ocrx_word' id='word_1_215' title='bbox 1113 2871 1265 2937; x_wconf 76' lang='lat' dir='ltr'><strong>procrea·</strong></span> 
     </span>
     <span class='ocr_line' id='line_1_24' title="bbox 110 2955 1265 3044; baseline 0.002 -22"><span class='ocrx_word' id='word_1_216' title='bbox 110 2961 161 3022; x_wconf 84' lang='lat' dir='ltr'><strong>tae</strong></span> <span class='ocrx_word' id='word_1_217' title='bbox 185 2961 262 3024; x_wconf 74' lang='lat' dir='ltr'><strong>scint</strong></span> <span class='ocrx_word' id='word_1_218' title='bbox 285 2961 318 3022; x_wconf 87' lang='lat' dir='ltr'><strong>et</strong></span> <span class='ocrx_word' id='word_1_219' title='bbox 340 2961 502 3043; x_wconf 87' lang='lat' dir='ltr'><strong>augentur</strong></span> <span class='ocrx_word' id='word_1_220' title='bbox 525 2959 623 3044; x_wconf 86' lang='lat' dir='ltr'><strong>atque</strong></span> <span class='ocrx_word' id='word_1_221' title='bbox 652 2957 797 3044; x_wconf 82' lang='lat' dir='ltr'><strong>aluntur,</strong></span> <span class='ocrx_word' id='word_1_222' title='bbox 824 2981 888 3044; x_wconf 87' lang='lat' dir='ltr'><strong>qua</strong></span> <span class='ocrx_word' id='word_1_223' title='bbox 911 2957 950 3022; x_wconf 78' lang='lat' dir='ltr'><strong>cle</strong></span> <span class='ocrx_word' id='word_1_224' title='bbox 974 2977 1009 3023; x_wconf 87' lang='lat' dir='ltr'><strong>re</strong></span> <span class='ocrx_word' id='word_1_225' title='bbox 1033 2957 1068 3024; x_wconf 91' lang='lat' dir='ltr'><strong>in</strong></span> <span class='ocrx_word' id='word_1_226' title='bbox 1091 2955 1265 3043; x_wconf 76' lang='lat' dir='ltr'><strong>priorsus</strong></span> 
     </span>
     <span class='ocr_line' id='line_1_25' title="bbox 108 3063 1341 3152; baseline 0.003 -24"><span class='ocrx_word' id='word_1_227' title='bbox 108 3069 228 3132; x_wconf 83' lang='lat' dir='ltr'><strong>semine</strong></span> <span class='ocrx_word' id='word_1_228' title='bbox 260 3065 347 3131; x_wconf 83' lang='lat' dir='ltr'><strong>libro</strong></span> <span class='ocrx_word' id='word_1_229' title='bbox 376 3065 458 3130; x_wconf 87' lang='lat' dir='ltr'><strong>satis</strong></span> <span class='ocrx_word' id='word_1_230' title='bbox 491 3063 796 3132; x_wconf 82' lang='lat' dir='ltr'><strong>demonstravimus.</strong></span> <span class='ocrx_word' id='word_1_231' title='bbox 851 3065 969 3152; x_wconf 83' lang='lat' dir='ltr'><strong>Atqui,</strong></span> <span class='ocrx_word' id='word_1_232' title='bbox 1001 3065 1029 3130; x_wconf 89' lang='lat' dir='ltr'><strong>si</strong></span> <span class='ocrx_word' id='word_1_233' title='bbox 1057 3063 1189 3152; x_wconf 86' lang='lat' dir='ltr'><strong>quidem</strong></span> <span class='ocrx_word' id='word_1_234' title='bbox 1221 3064 1265 3151; x_wconf 80' lang='lat' dir='ltr'><strong>id,</strong></span> <span class='ocrx_word' id='word_1_235' title='bbox 1336 3131 1341 3140; x_wconf 84' lang='grc'><strong><em>,</em></strong></span> 
     </span>
     <span class='ocr_line' id='line_1_26' title="bbox 107 3173 1264 3259; baseline 0 -21"><span class='ocrx_word' id='word_1_236' title='bbox 107 3173 190 3259; x_wconf 84' lang='lat' dir='ltr'><strong>quod</strong></span> <span class='ocrx_word' id='word_1_237' title='bbox 218 3177 379 3257; x_wconf 79' lang='lat' dir='ltr'><strong>mutatur,</strong></span> <span class='ocrx_word' id='word_1_238' title='bbox 407 3173 441 3238; x_wconf 89' lang='lat' dir='ltr'><strong>iu</strong></span> <span class='ocrx_word' id='word_1_239' title='bbox 470 3173 628 3238; x_wconf 80' lang='lat' dir='ltr'><strong>mutantis</strong></span> <span class='ocrx_word' id='word_1_240' title='bbox 657 3173 799 3240; x_wconf 85' lang='lat' dir='ltr'>similem</span> <span class='ocrx_word' id='word_1_241' title='bbox 823 3173 966 3258; x_wconf 84' lang='lat' dir='ltr'><strong>speciem</strong></span> <span class='ocrx_word' id='word_1_242' title='bbox 991 3173 1114 3258; x_wconf 77' lang='lat' dir='ltr'><strong>evadit,</strong></span> <span class='ocrx_word' id='word_1_243' title='bbox 1144 3173 1264 3240; x_wconf 84' lang='lat' dir='ltr'><strong>iecoris</strong></span> 
     </span>
     <span class='ocr_line' id='line_1_27' title="bbox 107 3279 1263 3368; baseline -0.002 -20"><span class='ocrx_word' id='word_1_244' title='bbox 107 3283 210 3368; x_wconf 84' lang='lat' dir='ltr'><strong>ipsius</strong></span> <span class='ocrx_word' id='word_1_245' title='bbox 233 3303 330 3348; x_wconf 84' lang='lat' dir='ltr'><strong>earne</strong></span> <span class='ocrx_word' id='word_1_246' title='bbox 354 3279 437 3346; x_wconf 85' lang='lat' dir='ltr'><strong>nihil</strong></span> <span class='ocrx_word' id='word_1_247' title='bbox 462 3283 741 3348; x_wconf 76' lang='lat' dir='ltr'><strong>accommodatius</strong></span> <span class='ocrx_word' id='word_1_248' title='bbox 761 3281 801 3347; x_wconf 78' lang='lat' dir='ltr'><strong>acl</strong></span> <span class='ocrx_word' id='word_1_249' title='bbox 826 3281 995 3368; x_wconf 82' lang='lat' dir='ltr'><strong>sanguinis</strong></span> <span class='ocrx_word' id='word_1_250' title='bbox 1019 3281 1263 3366; x_wconf 76' lang='lat' dir='ltr'><strong>generationem</strong></span> 
     </span>
     <span class='ocr_line' id='line_1_28' title="bbox 107 3389 1265 3478; baseline 0 -24"><span class='ocrx_word' id='word_1_251' title='bbox 107 3390 260 3476; x_wconf 82' lang='lat' dir='ltr'><strong>reperias.</strong></span> <span class='ocrx_word' id='word_1_252' title='bbox 315 3389 349 3454; x_wconf 74' lang='lat' dir='ltr'><strong>Si</strong></span> <span class='ocrx_word' id='word_1_253' title='bbox 383 3389 470 3454; x_wconf 85' lang='lat' dir='ltr'><strong>euim</strong></span> <span class='ocrx_word' id='word_1_254' title='bbox 502 3390 638 3476; x_wconf 81' lang='lat' dir='ltr'><strong>sanguis</strong></span> <span class='ocrx_word' id='word_1_255' title='bbox 672 3391 896 3478; x_wconf 79' lang='lat' dir='ltr'><strong>conspissatus</strong></span> <span class='ocrx_word' id='word_1_256' title='bbox 929 3389 1004 3474; x_wconf 87' lang='lat' dir='ltr'><strong>erit,</strong></span> <span class='ocrx_word' id='word_1_257' title='bbox 1037 3411 1113 3456; x_wconf 87' lang='lat' dir='ltr'><strong>cero</strong></span> <span class='ocrx_word' id='word_1_258' title='bbox 1147 3389 1265 3454; x_wconf 88' lang='lat' dir='ltr'><strong>iccoris</strong></span> 
     </span>
     <span class='ocr_line' id='line_1_29' title="bbox 106 3495 1265 3586; baseline 0 -24"><span class='ocrx_word' id='word_1_259' title='bbox 106 3499 251 3586; x_wconf 68' lang='lat' dir='ltr'><strong>perlecta</strong></span> <span class='ocrx_word' id='word_1_260' title='bbox 274 3497 443 3562; x_wconf 80' lang='lat' dir='ltr'><strong>ellicictur.</strong></span> <span class='ocrx_word' id='word_1_261' title='bbox 482 3495 544 3562; x_wconf 75' lang='lat' dir='ltr'><strong>Sed</strong></span> <span class='ocrx_word' id='word_1_262' title='bbox 570 3497 716 3584; x_wconf 77' lang='lat' dir='ltr'><strong>plerique</strong></span> <span class='ocrx_word' id='word_1_263' title='bbox 739 3497 952 3584; x_wconf 74' lang='lat' dir='ltr'><strong>physicorum</strong></span> <span class='ocrx_word' id='word_1_264' title='bbox 975 3497 1147 3584; x_wconf 83' lang='lat' dir='ltr'><strong>negotium</strong></span> <span class='ocrx_word' id='word_1_265' title='bbox 1168 3496 1265 3565; x_wconf 84' lang='lat' dir='ltr'><strong>nobis</strong></span> 
     </span>
     <span class='ocr_line' id='line_1_30' title="bbox 106 3603 1264 3692; baseline -0.002 -20"><span class='ocrx_word' id='word_1_266' title='bbox 106 3611 281 3690; x_wconf 68' lang='lat' dir='ltr'><strong>lacessunt,</strong></span> <span class='ocrx_word' id='word_1_267' title='bbox 304 3627 378 3672; x_wconf 88' lang='lat' dir='ltr'><strong>cum</strong></span> <span class='ocrx_word' id='word_1_268' title='bbox 398 3605 502 3670; x_wconf 77' lang='lat' dir='ltr'><strong>incilia</strong></span> <span class='ocrx_word' id='word_1_269' title='bbox 523 3606 588 3670; x_wconf 86' lang='lat' dir='ltr'><strong>alin</strong></span> <span class='ocrx_word' id='word_1_270' title='bbox 607 3607 769 3692; x_wconf 77' lang='lat' dir='ltr'><strong>ignorent,</strong></span> <span class='ocrx_word' id='word_1_271' title='bbox 792 3613 862 3672; x_wconf 80' lang='lat' dir='ltr'><strong>tuni</strong></span> <span class='ocrx_word' id='word_1_272' title='bbox 883 3631 931 3690; x_wconf 86' lang='lat' dir='ltr'><strong>en,</strong></span> <span class='ocrx_word' id='word_1_273' title='bbox 953 3603 1089 3692; x_wconf 88' lang='lat' dir='ltr'><strong>quaein</strong></span> <span class='ocrx_word' id='word_1_274' title='bbox 1108 3626 1205 3690; x_wconf 87' lang='lat' dir='ltr'><strong>opere</strong></span> <span class='ocrx_word' id='word_1_275' title='bbox 1225 3603 1264 3670; x_wconf 76' lang='lat' dir='ltr'><strong>cle</strong></span> 
     </span>
     <span class='ocr_line' id='line_1_31' title="bbox 106 3711 1265 3798; baseline -0.003 -16"><span class='ocrx_word' id='word_1_276' title='bbox 106 3715 311 3782; x_wconf 79' lang='lat' dir='ltr'><strong>naturalibus</strong></span> <span class='ocrx_word' id='word_1_277' title='bbox 337 3713 552 3778; x_wconf 82' lang='lat' dir='ltr'><strong>facultatibus</strong></span> <span class='ocrx_word' id='word_1_278' title='bbox 571 3717 795 3780; x_wconf 79' lang='lat' dir='ltr'><strong>deinonstiata</strong></span> <span class='ocrx_word' id='word_1_279' title='bbox 815 3721 900 3780; x_wconf 86' lang='lat' dir='ltr'><strong>snut.</strong></span> <span class='ocrx_word' id='word_1_280' title='bbox 938 3713 1159 3798; x_wconf 77' lang='lat' dir='ltr'><strong>Amplectitur</strong></span> <span class='ocrx_word' id='word_1_281' title='bbox 1178 3711 1265 3778; x_wconf 81' lang='lat' dir='ltr'><strong>enini</strong></span> 
     </span>
     <span class='ocr_line' id='line_1_32' title="bbox 105 3819 1264 3906; baseline 0 -18"><span class='ocrx_word' id='word_1_282' title='bbox 105 3825 198 3890; x_wconf 81' lang='lat' dir='ltr'><strong>eibos</strong></span> <span class='ocrx_word' id='word_1_283' title='bbox 216 3827 331 3889; x_wconf 63' lang='lat' dir='ltr'><strong>ventu</strong></span> <span class='ocrx_word' id='word_1_284' title='bbox 350 3821 630 3888; x_wconf 82' lang='lat' dir='ltr'><strong>accommodatum</strong></span> <span class='ocrx_word' id='word_1_285' title='bbox 651 3821 714 3887; x_wconf 84' lang='lat' dir='ltr'><strong>sibi</strong></span> <span class='ocrx_word' id='word_1_286' title='bbox 735 3845 867 3886; x_wconf 85' lang='lat' dir='ltr'><strong>succum</strong></span> <span class='ocrx_word' id='word_1_287' title='bbox 882 3845 919 3886; x_wconf 80' lang='lat' dir='ltr'><strong>ex</strong></span> <span class='ocrx_word' id='word_1_288' title='bbox 938 3823 980 3886; x_wconf 86' lang='lat' dir='ltr'><strong>iis</strong></span> <span class='ocrx_word' id='word_1_289' title='bbox 1000 3821 1144 3906; x_wconf 78' lang='lat' dir='ltr'><strong>eliciens,</strong></span> <span class='ocrx_word' id='word_1_290' title='bbox 1162 3819 1264 3888; x_wconf 78' lang='lat' dir='ltr'><strong>donec</strong></span> 
     </span>
     <span class='ocr_line' id='line_1_33' title="bbox 106 3929 1266 4016; baseline -0.002 -20"><span class='ocrx_word' id='word_1_291' title='bbox 106 3935 273 3996; x_wconf 68' lang='lat' dir='ltr'><strong>‹atumtus</strong></span> <span class='ocrx_word' id='word_1_292' title='bbox 300 3937 333 3994; x_wconf 84' lang='lat' dir='ltr'><strong>et</strong></span> <span class='ocrx_word' id='word_1_293' title='bbox 361 3953 496 4016; x_wconf 83' lang='lat' dir='ltr'><strong>prorsus</strong></span> <span class='ocrx_word' id='word_1_294' title='bbox 524 3931 682 4015; x_wconf 82' lang='lat' dir='ltr'><strong>repletus,</strong></span> <span class='ocrx_word' id='word_1_295' title='bbox 714 3929 870 4016; x_wconf 84' lang='lat' dir='ltr'><strong>quidquid</strong></span> <span class='ocrx_word' id='word_1_296' title='bbox 899 3951 1176 4016; x_wconf 81' lang='lat' dir='ltr'><strong>supervacaneum</strong></span> <span class='ocrx_word' id='word_1_297' title='bbox 1206 3933 1266 4016; x_wconf 85' lang='lat' dir='ltr'><strong>est,</strong></span> 
     </span>
     <span class='ocr_line' id='line_1_34' title="bbox 105 4035 1266 4124; baseline 0 -20"><span class='ocrx_word' id='word_1_298' title='bbox 105 4041 139 4104; x_wconf 87' lang='lat' dir='ltr'><strong>iu</strong></span> <span class='ocrx_word' id='word_1_299' title='bbox 164 4037 308 4104; x_wconf 87' lang='lat' dir='ltr'><strong>ieiunum</strong></span> <span class='ocrx_word' id='word_1_300' title='bbox 332 4039 524 4104; x_wconf 76' lang='lat' dir='ltr'><strong>intestinum</strong></span> <span class='ocrx_word' id='word_1_301' title='bbox 554 4039 727 4124; x_wconf 85' lang='lat' dir='ltr'><strong>propellat.</strong></span> <span class='ocrx_word' id='word_1_302' title='bbox 773 4039 852 4105; x_wconf 83' lang='lat' dir='ltr'><strong>lude</strong></span> <span class='ocrx_word' id='word_1_303' title='bbox 876 4060 987 4104; x_wconf 77' lang='lat' dir='ltr'><strong>nirsus</strong></span> <span class='ocrx_word' id='word_1_304' title='bbox 1011 4038 1102 4103; x_wconf 89' lang='lat' dir='ltr'><strong>ieeur</strong></span> <span class='ocrx_word' id='word_1_305' title='bbox 1125 4035 1266 4104; x_wconf 82' lang='lat' dir='ltr'><strong>attrahit</strong></span> 
     </span>
     <span class='ocr_line' id='line_1_35' title="bbox 105 4143 1264 4232; baseline 0 -20"><span class='ocrx_word' id='word_1_306' title='bbox 105 4145 146 4212; x_wconf 84' lang='lat' dir='ltr'><strong>ud</strong></span> <span class='ocrx_word' id='word_1_307' title='bbox 166 4169 202 4210; x_wconf 86' lang='lat' dir='ltr'><strong>se</strong></span> <span class='ocrx_word' id='word_1_308' title='bbox 221 4168 353 4212; x_wconf 87' lang='lat' dir='ltr'><strong>succum</strong></span> <span class='ocrx_word' id='word_1_309' title='bbox 373 4147 407 4212; x_wconf 92' lang='lat' dir='ltr'><strong>iu</strong></span> <span class='ocrx_word' id='word_1_310' title='bbox 426 4153 539 4212; x_wconf 76' lang='lat' dir='ltr'><strong>ventre</strong></span> <span class='ocrx_word' id='word_1_311' title='bbox 559 4149 650 4232; x_wconf 85' lang='lat' dir='ltr'><strong>prius</strong></span> <span class='ocrx_word' id='word_1_312' title='bbox 670 4149 886 4230; x_wconf 83' lang='lat' dir='ltr'><strong>elaboratum,</strong></span> <span class='ocrx_word' id='word_1_313' title='bbox 909 4147 965 4232; x_wconf 87' lang='lat' dir='ltr'><strong>qui</strong></span> <span class='ocrx_word' id='word_1_314' title='bbox 984 4167 1051 4212; x_wconf 88' lang='lat' dir='ltr'><strong>uon</strong></span> <span class='ocrx_word' id='word_1_315' title='bbox 1068 4167 1127 4232; x_wconf 87' lang='lat' dir='ltr'><strong>per</strong></span> <span class='ocrx_word' id='word_1_316' title='bbox 1145 4143 1264 4212; x_wconf 75' lang='lat' dir='ltr'><strong>lovem</strong></span> 
     </span>
     <span class='ocr_line' id='line_1_36' title="bbox 104 4253 1264 4342; baseline -0.003 -20"><span class='ocrx_word' id='word_1_317' title='bbox 104 4281 142 4322; x_wconf 81' lang='lat' dir='ltr'><strong>eu</strong></span> <span class='ocrx_word' id='word_1_318' title='bbox 166 4253 206 4318; x_wconf 82' lang='lat' dir='ltr'><strong>cle</strong></span> <span class='ocrx_word' id='word_1_319' title='bbox 229 4275 329 4320; x_wconf 79' lang='lat' dir='ltr'><strong>causa</strong></span> <span class='ocrx_word' id='word_1_320' title='bbox 352 4277 372 4320; x_wconf 87' lang='lat' dir='ltr'><strong>a</strong></span> <span class='ocrx_word' id='word_1_321' title='bbox 395 4261 507 4320; x_wconf 77' lang='lat' dir='ltr'><strong>ventre</strong></span> <span class='ocrx_word' id='word_1_322' title='bbox 529 4255 737 4342; x_wconf 81' lang='lat' dir='ltr'><strong>immutatur,</strong></span> <span class='ocrx_word' id='word_1_323' title='bbox 762 4261 797 4322; x_wconf 91' lang='lat' dir='ltr'><strong>ut</strong></span> <span class='ocrx_word' id='word_1_324' title='bbox 819 4255 918 4320; x_wconf 85' lang='lat' dir='ltr'><strong>iecori</strong></span> <span class='ocrx_word' id='word_1_325' title='bbox 944 4253 1183 4340; x_wconf 82' lang='lat' dir='ltr'><strong>suppeditetur,</strong></span> <span class='ocrx_word' id='word_1_326' title='bbox 1207 4253 1264 4320; x_wconf 87' lang='lat' dir='ltr'><strong>sed</strong></span> 
     </span>
     <span class='ocr_line' id='line_1_37' title="bbox 104 4361 1265 4452; baseline -0.002 -22"><span class='ocrx_word' id='word_1_327' title='bbox 104 4365 181 4452; x_wconf 80' lang='lat' dir='ltr'><strong>quia</strong></span> <span class='ocrx_word' id='word_1_328' title='bbox 211 4363 280 4428; x_wconf 82' lang='lat' dir='ltr'><strong>fieri</strong></span> <span class='ocrx_word' id='word_1_329' title='bbox 310 4385 373 4428; x_wconf 88' lang='lat' dir='ltr'><strong>nou</strong></span> <span class='ocrx_word' id='word_1_330' title='bbox 402 4367 528 4450; x_wconf 84' lang='lat' dir='ltr'><strong>potest,</strong></span> <span class='ocrx_word' id='word_1_331' title='bbox 555 4365 634 4450; x_wconf 86' lang='lat' dir='ltr'><strong>quin</strong></span> <span class='ocrx_word' id='word_1_332' title='bbox 662 4365 726 4432; x_wconf 91' lang='lat' dir='ltr'><strong>duo</strong></span> <span class='ocrx_word' id='word_1_333' title='bbox 759 4387 897 4450; x_wconf 81' lang='lat' dir='ltr'><strong>corpora</strong></span> <span class='ocrx_word' id='word_1_334' title='bbox 930 4363 964 4428; x_wconf 90' lang='lat' dir='ltr'><strong>in</strong></span> <span class='ocrx_word' id='word_1_335' title='bbox 997 4361 1083 4428; x_wconf 81' lang='lat' dir='ltr'><strong>idem</strong></span> <span class='ocrx_word' id='word_1_336' title='bbox 1111 4361 1265 4428; x_wconf 82' lang='lat' dir='ltr'><strong>coeuntia</strong></span> 
     </span>
    </p>
   </div>
   <div class='ocr_carea' id='block_1_6' title="bbox 0 0 1500 5034">
    <p class='ocr_par' dir='ltr' id='par_1_11' title="bbox 0 0 1500 5034">
     <span class='ocr_line' id='line_1_38' title="bbox 0 0 1500 5034; baseline 0 0"><span class='ocrx_word' id='word_1_337' title='bbox 0 0 1500 5034; x_wconf 95' lang='lat' dir='ltr'><strong> </strong></span> 
     </span>
    </p>
   </div>
  </div>
 </body>
</html>
