3024 5022
238 437 368 522 ’θείσης
399 429 464 502 ἀπὸ
497 430 611 520 ἀρχῆς.
665 431 685 521 ἡ
721 432 787 521 γὰρ
817 432 902 520 πρὸς
937 437 1042 502 ταῦτα
1074 429 1409 520 ἀντιααρατείνονσα

169 542 414 630 aas‘otuero'rar
436 541 657 630 παραστήσει,
684 540 731 622 ὡς
753 551 882 630 οίομαι,
912 543 967 610 καὶ
985 539 1055 630 Ιτὴν
1079 543 1084 627 l
1109 545 1178 610 τῶν
1207 543 1411 629 θεραπειῶν

206 657 209 662 ’
237 648 429 739 “όμοιότιγτα
452 652 507 718 καὶ
531 656 575 718 ἔτι
602 649 665 738 τὴν
692 645 894 738 ἀμφοτέρων
917 652 986 718 τῶν
1014 653 1171 736 ίατρειών
1193 647 1277 737 πρὸς
1298 647 1410 736 ἀλλή-

237 759 308 838 ’λας
340 753 547 844 ἀναλογίαν)
603 755 654 826 ὅτι
687 757 750 845 μὲν
783 749 848 824 οὖν
880 752 1066 844 ἀναλογίαν
1103 756 1180 826 τινὰ
1212 757 1408 844 βούλονται

208 863 323 934 τεῖναι
346 869 416 934 των
438 867 476 934 έν
498 869 538 953 τῇ
564 867 652 954 ψυχῇ
675 878 745 944 τοῖς
764 864 846 932 κατὰ
870 863 907 932 τό
928 867 1035 952 στόμα,
1060 868 1166 952 ὁῐγλον
1185 863 1279 952 οἶμαι
1303 893 1409 952 pero

236 974 331 1068 νέναι
364 973 419 1042 καὶ
453 967 495 1040 οὗ
530 971 641 1060 μόνον
674 998 711 1058 γε
749 971 806 1040 διὰ
838 975 897 1060 τῆς
930 973 1229 1060 προγεγραμμένης
1260 972 1411 1060 tricenos,

236 1077 398 1150 ἀλλὰκαὶ
428 1078 484 1149 ord
508 1069 558 1148 τόν
586 1081 704 1167 ἐφεξῆς
731 1078 852 1167 γράφει
875 1079 974 1149 τόνδε
998 1079 1059 1148 τὸν
1087 1078 1214 1166 τρόπον
1238 1079 1411 1167 ἐχόντων·

237 1187 401 1276 εκαθάπερ
429 1191 493 1277 γὰρ
521 1189 576 1256 καὶ
605 1188 656 1254 aar
686 1191 748 1256 τοῦ
775 1188 929 1276 στόματος
955 1197 1130 1276 θεωρεῖται
1159 1186 1256 1275 ἰσχύς
1284 1215 1319 1257 τε
1341 1189 1410 1256 καλ

237 1293 425 1381 εἀσθένεια,
454 1292 589 1364 εὐτονία
616 1295 671 1364 καὶ
699 1291 818 1364 ἀτονία
844 1297 912 1378 [καὶ
936 1298 1065 1382 adeost,
1092 1296 1177 1384 πρὸς
1200 1295 1237 1363 di
1266 1292 1411 1375 τούτοις

197 1433 223 1474 ιο
237 1402 359 1491 “ὑγίειά
387 1431 421 1473 τε
445 1404 500 1471 καὶ
526 1400 641 1488 νόσος,
664 1399 773 1486 εὐεξία
797 1431 831 1472 τε
855 1406 908 1472 καί
934 1407 1095 1492 καγεξία’,
1124 1405 1179 1472 καὶ
1203 1394 1307 1472 τᾶλλα
1335 1401 1410 1473 ὅσα

236 1510 370 1592 τούτοις
392 1513 466 1599 ἑξῆς
489 1512 660 1598 καταλέγει
691 1511 785 1599 πόθι]
809 1539 842 1580 τε
867 1513 920 1580 καὶ
951 1509 1193 1599 ἀρρωστήματα
1217 1512 1272 1580 καί
1298 1511 1408 1600 νοσή-

240 1647 343 1708 ματα,
372 1619 470 1688 ‘aare
500 1617 562 1688 τὸν
594 1616 716 1688 αὐτόν’
744 1625 832 1708 φησί
859 1619 1000 1708 ’τρόπον
1033 1615 1185 1706 ἀνάλογά
1212 1647 1289 1688 τινα
1316 1622 1407 1688 πᾶσι

237 1727 381 1826 ’τούτοις
407 1728 463 1796 καὶ
492 1729 530 1796 έν
553 1731 642 1816 ψυχῇ
670 1732 787 1818 λογικῇ
816 1734 1015 1796 συνίσταταί
1039 1728 1150 1796 τεκαὶ
1179 1723 1408 1815 ὀνομάζεται]

237 1833 303 1904 εἶθ’
330 1836 404 1922 ἑξῆς
427 1835 596 1922 ἐπιφέρων
619 1843 725 1924 φησιν
749 1833 806 1915 ὡς
824 1846 950 1924 οἴομαι,
972 1833 1036 1904 ἀπὸ
1061 1839 1119 1924 τῆς
1137 1835 1295 1923 τοιαύτης
1316 1831 1408 1905 ἀνα-

197 1946 364 2052 ιτ“λογιάς
395 1969 430 2012 τε
462 1943 517 2012 nal
555 1940 753 2031 ὁμοιότητος
784 1943 838 2012 καὶ
872 1947 930 2030 τῆς
963 1945 1000 2011 έν
1033 1940 1148 2024 αὐτοις
1178 1950 1408 2031 σννωνυμίας

237 2052 485 2138 praevaricans·
509 2050 624 2118 καλ
588 2077 653 2138 γαρ
673 2053 727 2119 καὶ
751 2051 833 2120 κατά
857 2051 968 2138 ψυχήν
991 2078 1085 2130 τινας
1102 2053 1245 2139 λέγομεν
1269 2051 1407 2139 ἰσχύειν

272 2255 288 2304 3
293 2243 437 2332 ,nitidiore
451 2247 643 2304 333Βῦ3.-
662 2256 678 2304 l
698 2271 773 2313 τινες
792 2249 955 2304 MABChK
975 2271 1038 2304 τινα
1029 2245 1190 2305 Cornn-
1210 2257 1226 2304 9
1246 2251 1297 2304 νολ
1315 2247 1406 2314 τόνος

237 2321 315 2376 uncis
339 2320 570 2376 inclusimus—
599 2327 630 2375 1⁰
656 2317 742 2388 φύσει
766 2339 817 2392 pro
841 2325 914 2390 φησί
934 2322 1029 2376 33-
1058 2316 1205 2390 ἀνάλογόν
1227 2341 1293 2376 τινα
1317 2323 1404 2378 codd.

236 2393 300 2448 edd.
319 2377 450 2462 ἀνάλογά
467 2414 490 2448 τ.
511 2409 574 2461 nos;
593 2393 628 2448 cf.
648 2394 734 2448 l'roll.
753 2413 780 2464 p.
801 2401 898 2450 93-
919 2401 952 2448 lt
971 2396 1137 2465 consaepta
1156 2393 1193 2449 M
1213 2425 1247 2436 —

236 2598 458 2682 cognoscet.
495 2594 726 2680 Proprietas
746 2595 847 2661 enirn
867 2595 1031 2682 adhaec
1051 2594 1201 2661 collata
1224 2601 1265 2662 ct
1288 2617 1406 2662 onra-

235 2703 386 2768 tionum
420 2701 740 2788 similitudinem,
776 2703 928 2788 opinor,
967 2709 1004 2768 et
1037 2703 1245 2790 utriusque
1276 2705 1405 2771 rnedi-

237 2809 347 2875 cinae
370 2809 477 2874 inter
499 2832 538 2874 se
562 2809 755 2876 rationem
779 2809 1018 2896 patefaciet?
1061 2809 1312 2896 proportionem
1335 2813 1406 2900 igi·

237 2921 292 2982 tur
314 2915 442 2984 Stoicos
471 2917 554 2982 velle
581 2919 781 2984 intercedere
809 2919 895 2984 inter
924 2943 975 2999 ea,
1006 2941 1089 3004 qnae
1119 2918 1221 2984 animi
1245 2924 1336 3006 snnt,
1367 2927 1406 2986 et

237 3048 285 3110 ea,
308 3048 390 3110 quae
411 3027 567 3112 eorporis,
590 3027 801 3092 manifestum
826 3051 896 3092 esse
916 3027 1069 3093 existimo
1093 3025 1189 3113 idque
1213 3049 1280 3094 non
1298 3029 1405 3096 modo

238 3155 277 3197 ex
300 3155 348 3218 ea,
371 3157 470 3219 quam
490 3134 587 3200 modo
607 3135 713 3218 attuli,
737 3135 894 3218 oratione,
918 3135 973 3200 sed
999 3135 1099 3199 etiarn
1118 3136 1406 3222 enseqrrentibuS,

194 3251 198 3262 '
237 3261 319 3325 quae
339 3238 543 3328 Chrysippus
567 3243 602 3308 in
624 3241 711 3307 hunc
731 3242 864 3308 modum
883 3243 1022 3328 profert:
1054 3241 1402 3320 ‘Quemadmodum

238 3348 338 3414 eninr
370 3349 411 3414 in
439 3371 603 3436 corpore
636 3351 940 3416 considerantur
973 3351 1092 3417 robur
1118 3351 1402 3439 imbecillitas,

237 3455 412 3524 firmitas
436 3457 670 3542 infirmitas,
694 3463 901 3544 praeterea
919 3459 1072 3525 sanitas
1091 3459 1262 3546 morbus,
1284 3459 1400 3526 habi-

236 3569 298 3630 tus
321 3566 398 3632 bon
407 3589 448 3631 us
472 3565 688 3652 malusque'
713 3573 810 3653 atque
834 3567 970 3653 reliqua,
993 3590 1075 3653 quae
1094 3566 1247 3654 deinceps
1267 3591 1400 3634 enume-

236 3677 302 3752 rat,
326 3673 528 3760 affeefionm,
552 3675 810 3761 aegrotationes,
833 3675 954 3760 morbi,
983 3673 1131 3742 ‘eadem
1154 3675 1309 3744 ratione
1332 3675 1399 3742 his

231 3781 417 3848 'omnibus
441 3783 594 3848 similia
613 3785 801 3868 quaedam
823 3783 862 3849 in
883 3783 1010 3849 animo
1034 3783 1227 3850 rationali
1251 3787 1289 3849 et
1306 3807 1399 3850 eon·

238 3889 387 3955 sistunt
424 3895 464 3954 et
499 3889 774 3976 appellantur?
832 3891 953 3956 Postea
988 3889 1070 3955 haec
1105 3889 1289 3977 subirmgit:
1346 3889 1398 3958 l't

237 3997 392 4084 opinor,
429 4021 472 4063 ex
507 3997 734 4064 huiusmodi
771 3999 1029 4085 proportione
1061 4003 1097 4062 et
1130 3997 1399 4065 similitudine

237 4111 275 4172 et
299 4105 666 4192 cognominaturum
689 4107 731 4173 in
755 4108 839 4172 illis
864 4106 1033 4192 ratione,
1057 4105 1240 4172 nimirum
1265 4105 1398 4176 animo

237 4237 386 4301 qnoque
416 4215 603 4282 robustos
634 4237 718 4278 esse
747 4219 813 4280 aut
839 4214 1065 4280 imbecillos
1093 4219 1130 4279 et
1158 4213 1299 4280 firmos
1329 4223 1399 4283 ant

236 4321 421 4392 infirmos
459 4321 640 4408 dicimus,
681 4323 774 4388 item
809 4326 1017 4410 aegrotare
1056 4327 1123 4388 aut
1158 4321 1290 4388 valere
1328 4346 1399 4394 nec

697 311 740 322 -
786 275 853 340 ιιι
898 181 956 322 -ἱ
