2978 5030
667 188 914 256 -712-

210 349 263 418 ‘cd
286 347 488 438 σμικρότερα
515 343 558 418 οῦ
585 348 745 434 δύναται,
771 351 839 434 πῦρ
863 346 905 420 ,δέ
932 347 1071 416 πάντων
1098 349 1210 434 γενῶν
1237 367 1388 435 σμικρο-

211 457 441 546 ’μερέστατοη
472 455 558 526 ὅθεν
586 453 632 525 δι’
663 454 786 536 ὕδατος
813 456 868 524 καί
892 458 953 543 γῆς
979 450 1079 541 ἆέρος
1100 481 1135 524 τε
1162 455 1216 522 καί
1244 453 1317 523 ὅσα
1351 457 1389 520 ix

211 563 354 634 ’τοῦτον
377 567 586 650 ξυνίσταται,
609 567 770 651 διαχωρεῖ
796 563 851 631 καί
879 565 1011 650 στέγειν
1034 558 1138 630 οὐδέν
1161 559 1243 630 αι’ντὸ
1270 565 1389 631 δῦνα-

211 674 287 742 ’ταα
326 668 452 741 τοῦτὸν
475 673 512 742 δέ
542 671 696 759 καὶπερὶ
719 674 778 758 τῆς
800 667 877 757 παρ’
905 666 986 757 ἡμῖν
1008 674 1137 748 κοιλίας
1160 673 1390 758 διανοητέον.

184 777 277 848 s‘ou
307 786 397 850 σιτία
429 779 492 869 μὲν
523 779 579 847 καλ
611 776 714 862 ποτά,
746 776 829 846 ὅταν
860 783 909 856 είς
940 775 1050 864 αὐτὴν
1083 777 1223 864 ἐμπέσῃ.
1254 781 1390 864 στέγει.

212 889 356 974 ’πνεῦμα
380 886 416 955 δὲ
440 887 495 956 καί
519 890 587 973 πῦρ
610 886 912 974 σμικρομερέστερα
935 883 1017 953 ὄντα
1040 888 1100 972 τῆς
1127 881 1231 972 αὐτῆς
1255 889 1390 966 ξυστά-

212 996 310 1075 ‘oecoc
332 990 375 1064 οῦ
397 992 550 1062 δύναται.
594 992 728 1073 τούτοις
751 985 816 1062 οὖν
836 994 1062 1080 κατεχρήσατο
1090 989 1109 1060 δ
1134 991 1217 1072 θεὸς
1238 998 1290 1073 είς
1317 997 1390 1081 τὴν

211 1103 261 1171 ’ἐκ
282 1105 342 1190 τῆς
362 1106 494 1182 κοιλίας
516 1101 568 1169 ἐπὶ
591 1099 651 1180 τὰς
667 1101 794 1188 φλέβας
812 1098 965 1186 ὑδρείαν,
988 1101 1116 1187 πλέγμα
1141 1102 1174 1182 έξ
1197 1095 1299 1186 δέρος
1326 1103 1386 1168 καί

184 1208 349 1296 ι’πνρός,
377 1202 453 1276 οἷον
476 1212 512 1277 οί
536 1207 669 1294 κύριοι,
698 1207 996 1296 ξυννφηνιίμενος.’
1042 1205 1080 1274 τὸ
1112 1205 1176 1294 μὲν
1208 1199 1274 1275 οῦν
1303 1206 1385 1292 ἀέρι

146 1333 203 1390 λθσ
212 1316 267 1384 καί
290 1315 371 1405 πνρί
400 1319 548 1404 χρῆσθαι
576 1315 640 1404 τὴν
668 1321 674 1402 Ι
702 1317 811 1401 φύσιν
838 1317 922 1402 πρὸς
949 1315 1052 1394 πέψιν
1078 1317 1208 1401 τροφῆς
1230 1319 1386 1402 αίμᾰται

212 1428 270 1492 σίν
292 1448 326 1492 τε
348 1424 405 1492 καί
428 1419 595 1492 ἀνάδοσιν
617 1419 732 1509 ὀρθῶς
755 1431 897 1509 εἴρηται·
925 1423 963 1491 τὸ
988 1421 1026 1490 δὲ
1050 1423 1083 1502 ἐξ
1106 1416 1222 1490 αὐτῶν
1243 1427 1386 1512 πλέγμα

212 1531 388 1619 γεγονέναι
411 1531 467 1598 καί
496 1531 541 1618 μὴ
566 1529 623 1600 διὰ
647 1529 737 1598 ὅλων
765 1534 886 1616 κρᾶσιν
912 1525 1024 1598 οὐκέτι
1049 1530 1190 1614 ἐπαινῶ,
1220 1533 1385 1616 καθάπερ

213 1633 293 1706 οῦδὲ
317 1635 356 1706 τὸ
379 1640 446 1726 πῦρ
474 1635 652 1726 ὀνομάζειν
675 1635 796 1722 αὐτόν,
820 1639 916 1721 ένόν,
943 1634 989 1717 ὡς
1006 1633 1241 1724 Ἱπποκράτης,
1269 1645 1384 1726 ἔρια-ι·-

212 1771 274 1816 τον
296 1744 438 1834 θερμόν.
488 1740 573 1813 ἆλλδι
601 1750 710 1816 ἔοικεν
738 1743 826 1816 οῦτιο
854 1753 970 1814 καλεῖν
991 1739 1260 1833 ἀναμιμνήσκειν
1292 1745 1384 1834 ἡμᾶς

250 1968 264 2016 1
285 1955 401 2016 πάντων
421 1961 515 2030 ιιεραὶν
533 1961 614 2017 codd.
635 1961 697 2018 cdd.
718 1994 751 2004 -
771 1958 1026 2033 μικρομερέστερον
1045 1961 1134 2016 ΜΑΒ
1153 1965 1379 2032 μικρομερέστα-

212 2052 263 2088 τον
286 2031 367 2088 Corn.
393 2015 475 2090 Cin.
499 2065 530 2073 -
557 2041 621 2089 2τε
642 2051 696 2088 om.
717 2033 753 2088 M.
779 2065 812 2075 —
842 2041 857 2088 3
883 2035 1035 2102 διαχωρεῖν
1054 2033 1135 2087 codd.
1156 2035 1218 2089 cdd.
1240 2039 1351 2104 διατει·
1374 2045 1386 2078 ι·

213 2105 294 2160 Corn.
320 2133 354 2144 -
378 2111 395 2159 δ
419 2101 493 2159 ποτὰ
513 2099 567 2160 ὅσα
591 2099 628 2160 ἂν
653 2105 694 2170 είς
717 2105 797 2162 codd.
821 2105 884 2162 edd.
909 2136 941 2144 -
967 2113 983 2160 ο·
1008 2105 1267 2176 ομιιιρομερέστατα
1293 2111 1376 2163 cond.

213 2175 276 2232 cdd.
296 2176 551 2246 σμικρομερέστερα
571 2176 664 2240 Corn.;
689 2179 724 2232 ci.
750 2177 833 2233 Proll.
858 2195 885 2247 p.
905 2183 947 2232 96.
973 2205 1007 2216 -··
1036 2171 1126 2244 αὐτῆς
1151 2177 1231 2232 codd.
1252 2179 1316 2234 edd.
1346 2213 1379 2220 -

213 2251 230 2304 λ
248 2243 265 2302 ὁ
284 2263 338 2304 om.
358 2247 440 2304 codd.
458 2249 536 2312 edd.;
556 2249 590 2304 ci.
610 2250 694 2304 Proll.
714 2268 743 2320 p.
765 2257 823 2304 loo.
844 2279 877 2290 -
897 2255 913 2302 o
932 2243 1022 2314 πορός
1041 2241 1082 2303 ὦν
1101 2246 1163 2302 οἷον
1183 2250 1272 2305 ΜΑΒ
1291 2273 1320 2306 π.
1343 2247 1380 2306 ὃν

213 2315 276 2374 οἷον
300 2318 372 2374 chK
399 2315 489 2387 πυρὸς
517 2319 579 2374 οἷον
603 2319 697 2388 Corn.;
727 2323 762 2376 cf.
785 2320 871 2376 Proll.
895 2337 923 2391 p.
943 2325 986 2374 47.
1009 2350 1045 2359 -
1074 2326 1090 2374 9
1115 2319 1375 2392 ξννοφιγτάρετος·

214 2393 349 2460 φαίνεται
369 2391 522 2461 τοιγαροῦν
540 2404 577 2458 (ν.
598 2398 660 2462 m,
677 2397 705 2463 9)
725 2391 783 2447 FP.
803 2423 836 2433 -
858 2398 892 2448 14
910 2391 1005 2446 καλῶν
1019 2391 1100 2446 Corn.
1122 2423 1155 2432 —

214 2632 312 2698 qnae
335 2631 426 2678 vero
450 2633 468 2676 e
491 2611 722 2694 maioribus,
747 2610 898 2677 minora
917 2610 1122 2677 continere
1144 2633 1220 2678 non
1243 2635 1379 2700 posse.

214 2717 321 2806 ignia
346 2720 476 2784 entem
499 2739 621 2805 genus
646 2717 816 2784 omnium
845 2717 1018 2804 minimis
1042 2722 1226 2786 constare
1249 2725 1377 2808 parti·

214 2827 300 2910 buo,
332 2847 407 2910 qua
438 2825 482 2890 de
515 2847 635 2892 causa
664 2847 734 2910 per
767 2846 907 2909 aquam
935 2828 973 2890 ot
1004 2830 1150 2892 terram
1180 2832 1220 2894 et
1246 2835 1375 2896 sireni

214 2932 421 3018 omniaque
441 2954 487 2998 ex
505 2931 566 2997 his
586 2933 805 3018 composita
824 2932 973 2997 transit
991 2935 1029 2998 et
1047 2933 1245 3002 contineri
1265 2939 1374 3004 nulla

214 3063 256 3108 re
278 3044 420 3127 potest.
463 3039 559 3105 Item
584 3040 628 3105 de
652 3043 787 3105 ventre
811 3043 948 3106 nostro
972 3042 1239 3128 statuendum,
1263 3046 1375 3110 cibo÷¹

215 3152 254 3216 et
283 3152 415 3234 potus,
451 3147 517 3212 ubi
548 3148 587 3213 in
620 3169 704 3213 enm
741 3147 975 3232 inciderint,
1007 3149 1055 3214 ab
1088 3170 1131 3216 eo
1163 3152 1375 3218 contineri.

216 3256 399 3344 spiritum
429 3259 555 3322 autem
584 3259 622 3320 et
655 3255 788 3342 ignem
820 3255 1037 3323 minoribns
1070 3257 1161 3342 ipso
1189 3261 1375 3344 partibo»

216 3367 446 3432 constantes
484 3385 557 3429 non
595 3385 709 3448 posse
748 3362 954 3429 contineri.
1010 3363 1080 3430 His
1118 3365 1242 3452 igitur
1279 3368 1375 3434 deus

217 3471 262 3538 ad
285 3471 541 3538 inducendam
570 3492 587 3535 e
615 3475 750 3536 ventre
779 3469 818 3534 in
851 3491 967 3536 venae
1001 3493 1139 3557 equam
1172 3497 1265 3540 nsua
1298 3490 1371 3546 eat.

215 3577 385 3645 reticulo
414 3599 457 3644 ex
490 3583 576 3644 a'c're
609 3583 647 3642 et
678 3577 781 3663 igne,
814 3577 949 3662 quales
982 3600 1125 3646 nassae
1153 3587 1258 3668 sunt,
1286 3605 1374 3650 con·

216 3683 345 3752 texto!
394 3685 476 3750 Atre
500 3685 630 3771 quidem
655 3689 689 3750 et
711 3685 787 3770 igno
812 3683 852 3750 ad
880 3685 1028 3752 alimonti
1052 3691 1314 3758 concoctionem.
1343 3695 1373 3756 in
1459 3725 1460 3764 ι

216 3793 410 3880 sanguinem
444 3793 659 3860 mutationem
697 3791 977 3879 digestionemque
1015 3800 1168 3862 naturam
1204 3797 1253 3863 uti
1287 3812 1374 3864 τοι-λι·

216 3898 342 3966 dictum
374 3903 437 3987 σεδ,
470 3901 556 3986 quod
589 3906 698 3966 antem
727 3925 765 3966 ex
793 3902 835 3968 iis
864 3901 1038 3967 reticulum
1066 3924 1137 3968 esse
1165 3905 1290 3972 factum
1319 3911 1375 3979 nit.
1459 3879 1460 3920 δ

216 4029 284 4073 non
305 4029 364 4093 per
389 4011 494 4076 totum
523 4009 811 4094 temperationem,
838 4031 905 4078 non
929 4010 1033 4094 probo
1056 4032 1116 4077 nco
1140 4012 1260 4098 magis,
1287 4015 1374 4099 quod

216 4114 327 4202 ignem
356 4115 452 4200 dixit,
480 4137 553 4182 cnm
577 4122 706 4202 posset,
735 4123 772 4182 ut
800 4117 1033 4204 Hippocrates,
1058 4118 1206 4185 innatum
1230 4121 1373 4188 calorem

217 4220 333 4289 dicere.
380 4219 442 4290 Sed
467 4223 515 4290 ita
537 4224 703 4310 appellare
728 4224 810 4292 mihi
834 4225 971 4312 videtur,
993 4229 1031 4292 ut
1052 4249 1113 4294 nos
1137 4227 1311 4294 admoneat
1336 4253 1373 4296 cx
1459 4269 1460 4273 =
