2980 5020
713 323 961 390 -810-

253 481 339 553 εἶναι
363 481 401 552 τὸ
420 481 626 570 λογιστικόν,
651 479 732 550 ἄλλο
757 481 793 550 θλ
814 485 852 550 τὸ
873 489 1066 572 θνμοειθίς,
1087 485 1174 558 ἄλλο
1196 491 1234 560 di
1255 493 1293 562 τὺ
1313 495 1412 563 ε’πιθν

252 595 342 682 μοῦν
367 588 630 671 ἀποδεικνύντος
653 587 771 659 αὐτοῦ.
812 583 839 683 pi
863 593 904 678 bi,
931 596 985 664 καλ
1011 601 1133 684 beilou.
1159 597 1246 686 ὅπερ
1271 605 1304 684 ἐξ
1327 601 1413 691 ίρχης

254 703 356 788 λέγω,
384 697 617 788 χαλεπώτατον
651 697 738 768 εἶναι
771 703 959 786 διακρίνειν
987 701 1047 783 τὰς
1076 701 1296 794 ὁμοιότητας.
1344 711 1415 781 ὅποι·

255 808 319 896 γὰρ
343 805 546 878 αὐτῶντῶν
571 809 804 877 Πλατωνικῶν
827 811 946 878 πολλοὶ
972 812 1137 892 ἐναντίως
1161 809 1215 895 οἷς
1240 814 1260 885 ὁ
1286 821 1415 888 Πλάτων

229 915 450 1006 εάπεφηνατο
475 913 651 1001 ἐὸόξασαν,
675 921 744 996 πῶς
767 913 813 983 riv
837 945 886 996 τις
910 919 963 986 ἐπὶ
987 933 1060 999 τοῖς
1082 918 1204 1004 ἄλλοις
1227 927 1415 1012 φιλοσόαοις

255 1027 463 1116 θαυμάσειεν
483 1021 647 1111 ἀγνοοῦσι
668 1030 858 1110 θιακρίνειν
881 1025 918 1094 τὸ
939 1027 1093 1096 πιθανὸν
1113 1032 1191 1118 με’ν,
1216 1031 1281 1102 οὐκ
1305 1033 1415 1123 ἀληθὲς

259 1135 296 1206 θλ
325 1139 388 1205 τοῦ
419 1139 562 1221 βεβαίως
595 1131 761 1222 ἁληθοῡςι
793 1131 876 1218 ὅπερ
910 1131 973 1204 οὐκ
1004 1131 1048 1204 riv
1081 1139 1236 1226 ἐγένετο,
1271 1141 1414 1233 οίνθεμιλς

262 1241 458 1332 ὁμοιότητος
486 1240 589 1329 οὔσης
616 1258 686 1323 τοῖς
720 1244 857 1316 νενὸίσι
886 1243 941 1312 καλ
975 1253 1139 1326 πιθανοῖς
1167 1250 1256 1334 πρὸς
1282 1253 1322 1322 τὰ
1348 1255 1413 1342 peri

199 1405 203 1412 .
265 1352 444 1441 ἐπιστήμης
472 1349 682 1438 θεικνίμενα.
736 1351 861 1439 μάθοις
891 1353 927 1420 di
961 1347 1005 1420 ἂν
1034 1355 1188 1442 ἐναργῶς
1217 1357 1300 1430 αὐτὸ
1329 1367 1412 1430 τοίτο

227 1483 252 1524 ιο
266 1458 328 1530 κάκ
350 1463 413 1530 τοῦ
435 1457 592 1546 τετάρτου
614 1463 674 1546 της
693 1467 878 1542 Πολιτείας.
915 1458 1076 1548 ἀξιώματι
1102 1465 1168 1550 γίιρ
1193 1473 1243 1548 είς
1265 1467 1326 1556 tipo
1347 1467 1413 1536 ιὀιί-

267 1573 373 1652 θειξιν
395 1571 527 1658 μέλλων
551 1571 696 1656 χρῆσθαι
721 1572 783 1638 τοῦ
812 1575 914 1638 πλείω
938 1569 979 1638 τὰ
1002 1575 1061 1657 της
1091 1578 1200 1662 ψυχης
1227 1573 1320 1664 ἡμῶν
1341 1577 1409 1646 εἶναι

266 1678 367 1770 μόρια
385 1678 561 1764 προσέχειν
576 1673 721 1764 ἀκριβῶς
740 1673 829 1769 αὐτῷ
844 1679 1103 1764 παρακελεύεται
1124 1683 1305 1768 γινώσκων
1318 1687 1412 1764 ἐνίους

199 1807 254 1864 ῖθθ
266 1786 491 1874 ἀντεροῦντας
513 1783 559 1867 ῶς
582 1783 644 1854 οὐκ
662 1782 786 1874 ἀληθεῖ
803 1785 859 1856 θιίι
884 1785 921 1856 τὸ
941 1786 987 1875 μὴ
1008 1799 1013 1870 l
1035 1787 1209 1860 δύνασθαι
1235 1791 1411 1880 ἀποκρίνειν

260 1895 329 1967 ἀπὸ
352 1901 421 1966 τῶν
443 1892 621 1983 ἀληθινῶν
643 1893 684 1963 td
704 1893 835 1964 πιθανὰ
858 1897 932 1984 μέν,
956 1893 1019 1965 οὐκ
1042 1894 1156 1986 ἀληθῆ
1183 1900 1221 1970 db
1245 1908 1363 1990 πολλης
1382 1905 1411 1970 ίν

228 2005 385 2087 ινιιίντοῖς
415 2003 518 2094 οὔσης
554 2001 759 2094 ὁμοιότητος.
819 2005 980 2074 ἐντεῦθεν
1016 2005 1080 2094 γάρ
1112 2033 1166 2076 τοι
1200 2013 1255 2079 καλ
1292 2011 1327 2080 τὸ
1356 2015 1410 2080 τῶν

297 2253 312 2298 3
333 2239 525 2314 χαλεπὸτατον
544 2239 581 2295 bl.
603 2271 634 2280 -
658 2247 674 2294 n
694 2235 811 2308 ἀληθῶς
830 2241 882 2296 τοῦ
901 2241 1038 2296 MABCh
1057 2236 1169 2310 &tacte
1195 2243 1228 2301 δὲ
1249 2267 1271 2302 τ,
1290 2245 1406 2304 CornK

261 2347 294 2358 -
316 2323 330 2372 ῖ
351 2312 418 2371 ordi
440 2316 506 2385 μιᾶς
525 2313 605 2368 codd.
625 2313 689 2368 edd.
708 2323 777 2391 ’1⁸
798 2309 867 2380 μετὰ
885 2308 1040 2380 laistim
1055 2333 1109 2369 om.
1127 2315 1165 2370 bl.
1183 2347 1216 2358 -
1240 2328 1270 2374 ll
1290 2317 1323 2374 tri
1337 2325 1407 2372 πλειιι

259 2389 394 2446 MABCh
418 2389 468 2442 τοῦ
493 2390 537 2440 erl..
559 2387 589 2439 K.
616 2415 649 2425 —
675 2391 707 2438 13
727 2387 823 2454 ιιληθίη
849 2386 929 2440 codd.
950 2387 1012 2440 edd.
1034 2383 1144 2455 ἀληθεῖ
1167 2405 1226 2445 nos.
1248 2421 1281 2432 -·
1305 2387 1407 2452 ἀκαιρι-

261 2481 322 2516 νειν
341 2461 422 2516 codd.
442 2459 505 2515 edd.
524 2453 691 2526 ἀποκρίνειν
711 2475 774 2522 νοις
796 2459 830 2514 et'.
850 2458 935 2514 Proll.
956 2475 984 2529 p.
1009 2465 1068 2515 iot.
1089 2489 1124 2500 -

267 2573 481 2584 ——--

262 2662 389 2730 serendi
412 2661 537 2728 versari
566 2659 718 2728 ridentur
745 2659 1058 2747 demonstrationes,
1090 2663 1211 2748 quibus
1245 2665 1408 2732 aliudesse

261 2773 476 2856 ratiocinans,
510 2769 598 2836 aliud
625 2769 784 2852 irascens,
813 2767 903 2834 uliud
931 2769 1167 2856 coucupiscens
1198 2775 1323 2857 probat
1367 2769 1407 2836 Es

262 2905 327 2969 quo
350 2885 451 2968 patet,
473 2879 508 2945 id
530 2877 616 2965 quod
640 2901 661 2943 a
684 2876 847 2962 principio
870 2877 948 2962 dixi,
978 2877 1213 2946 similitudines
1236 2882 1402 2950 discernere

264 3012 335 3055 esse
363 2988 613 3053 difficillimum.-
647 2983 730 3051 Cum
755 2986 840 3051 enim
866 3008 905 3052 ex
933 2986 1014 3071 ipsis
1039 2985 1224 3056 Platonicis
1253 2991 1343 3058 multi
1367 3009 1408 3052 es·

264 3097 423 3181 stiterint,
455 3097 512 3182 qui
540 3099 654 3162 contra
678 3117 776 3180 quam
800 3093 932 3162 Platoni
957 3095 1083 3180 placuit
1106 3095 1331 3181 opinarentur,
1356 3119 1408 3180 qao

264 3206 361 3274 modo
380 3205 562 3288 miraberis,
586 3203 615 3270 si
635 3202 692 3269 alii
713 3202 903 3290 philosophi
923 3203 966 3288 id,
985 3203 1072 3288 quod
1093 3205 1268 3290 probabile
1286 3205 1407 3292 quidem

263 3319 464 3381 nontamen
488 3335 601 3379 verum
625 3317 687 3394 est,
726 3311 844 3396 abeo,
882 3310 969 3397 quod
1001 3317 1129 3378 certum
1161 3335 1333 3400 rerumque
1361 3329 1409 3376 est.

265 3424 466 3510 distinguere
503 3421 673 3488 nesciunt?
726 3417 818 3494 Quod
860 3419 1009 3506 prolecto
1045 3443 1113 3487 non
1151 3424 1325 3508 evenisset,
1356 3417 1407 3484 uisi

266 3531 377 3618 aliqua
418 3533 453 3597 in
494 3531 587 3597 falsis
629 3528 921 3616 probabilibusque
964 3551 1039 3596 cum
1080 3529 1138 3612 iis,
1180 3552 1264 3617 quae
1292 3553 1308 3598 e
1335 3543 1408 3594 certo

266 3639 403 3707 scientia
428 3639 707 3720 demonstrantur,
736 3637 917 3704 similitudo
941 3645 1037 3704 esset.
1082 3635 1156 3704 Hoc
1185 3641 1273 3706 idem
1298 3635 1405 3726 poteris

266 3750 367 3816 etiam
390 3772 407 3814 e
431 3755 548 3835 quarto
572 3745 785 3832 Reipublicae
814 3745 899 3813 libro
928 3745 1096 3812 evidenter
1124 3769 1328 3834 cognoscere.
1368 3741 1409 3807 lbi

267 3859 355 3926 enim
379 3858 594 3944 pronrmtiato
618 3856 761 3944 quodum
786 3877 904 3920 usurus
934 3855 974 3920 ud
998 3853 1290 3924 demonstrandum
1312 3855 1405 3942 plures

268 3967 370 4034 animi
394 3973 504 4052 partes
529 3989 610 4050 esse,
634 3965 779 4032 animum
804 3964 845 4028 ad
868 3963 949 4030 illud
978 3962 1153 4052 diligenter
1181 3969 1219 4030 ut
1247 3965 1409 4030 advenum.

268 4081 392 4160 monet,
424 4075 544 4162 quippe
578 4097 652 4140 curn
686 4073 755 4140 lore
789 4072 917 4158 uliquos
951 4071 1075 4158 rident,
1113 4073 1168 4158 qui
1208 4095 1318 4139 rerum
1351 4091 1408 4134 esse

268 4189 403 4272 negent,
435 4207 473 4250 co
506 4183 592 4269 quod
626 4207 646 4248 a
679 4181 764 4246 reris
790 4203 841 4264 ea,
872 4201 955 4266 quae
979 4180 1164 4267 probabilia
1197 4183 1325 4268 quidem
1346 4181 1408 4244 siut.

267 4315 334 4359 uon
357 4301 467 4358 tamen
490 4315 582 4376 reru,
611 4292 653 4358 ob
683 4311 838 4376 maguam
861 4290 947 4354 inter
971 4312 1010 4354 ea
1034 4289 1284 4358 similitudinem
1306 4289 1406 4356 discer-

268 4421 345 4464 nere
376 4401 535 4466 nesciant
586 4399 673 4466 Hinc
712 4421 790 4464 saue
828 4399 1033 4464 decretorum
1066 4399 1100 4464 iu
1132 4399 1293 4468 medicina
1323 4412 1351 4462 er
1380 4395 1405 4454 io
