2942 5008
719 316 940 391 ..34-

228 489 342 559 tomen
359 511 477 578 parum
495 487 538 556 eb
557 509 596 556 eo
615 487 715 573 σιτία
738 507 815 552 nom
837 484 912 572 plus
935 482 1074 572 triginta
1091 482 1188 570 locis,
1211 481 1345 570 quibus
1365 479 1403 548 M

229 599 315 666 nihil
336 597 463 682 omisit,
485 597 636 664 omisisse
660 593 786 680 aliquid
807 615 881 658 eam
903 593 974 658 iure
996 592 1213 658 insimulabis.
1257 591 1406 659 Posteri

230 711 341 774 autem
366 706 509 772 editores
532 703 692 770 eiusmodi
716 701 799 767 vitia
821 701 856 768 iu
874 700 1057 768 orationem
1076 697 1192 766 Galeri
1215 701 1407 786 irrepsisse

228 837 347 902 parum
379 835 477 900 saepe
509 816 688 878 senserunt.
743 807 893 875 Omissae
924 813 1033 874 autem
1064 811 1140 872 suut
1170 809 1331 892 voculae,
1367 813 1410 872 ut

174 997 179 1007 ,
228 925 300 1006 κατ’,
327 945 378 1004 τε,
405 944 460 1006 γε,
483 917 537 1002 δέ,
560 917 639 1004 μέν,
667 907 747 1000 οὖν,
769 911 828 998 ἄν,
851 914 920 998 ἐπί,
943 916 1006 997 εἰς,
1029 915 1092 996 ἔτι,
1119 915 1176 980 sed
1199 917 1291 982 aliae
1318 939 1409 1002 quo·

228 1051 292 1118 que
320 1049 428 1098 voees.
478 1026 514 1094 P.
541 1027 607 1094 518
635 1026 696 1092 sub
725 1027 780 1092 lim
807 1019 943 1101 elicitos
969 1011 1033 1089 οὖν
1060 1023 1132 1106 ελιλη
1166 1024 1276 1109 ψυχῆς
1308 1018 1408 1090 αὐτὰ

228 1130 474 1222 προσαγορεύει
494 1131 578 1201 κατά
596 1158 631 1201 τε
653 1129 712 1210 τὰς
729 1129 1025 1217 προγεγραμμένος
1047 1125 1158 1214 ῥήσεις
1175 1129 1231 1196 καλ
1253 1130 1407 1216 προσέτι

227 1239 355 1321 πολλάς
378 1240 505 1327 ἑτέρας,
529 1229 580 1307 ὧν
599 1235 661 1306 ούκ
684 1235 813 1324 ἀνάγκη
831 1235 1058 1324 μνημονεύειν
1076 1236 1225 1322 ἐναργῶς
1247 1235 1319 1326 ήὸη
1342 1233 1407 1304 ord

228 1345 361 1416 τούτων
387 1351 447 1434 τής
475 1345 610 1434 γνώμης
632 1341 777 1432 τάνδρὸς
804 1343 1030 1430 έγνωσμε’νης;
1063 1346 1222 1412 omissum
1252 1355 1309 1413 est
1343 1349 1411 1412 καί

229 1464 306 1523 unte
330 1451 386 1522 διὰ
409 1453 551 1522 τούτων.
596 1455 631 1521 P.
655 1455 721 1520 052
743 1459 820 1540 post
842 1454 924 1520 med.
947 1476 1014 1521 uon
1040 1447 1214 1538 legendum
1238 1461 1290 1520 est
1316 1450 1407 1520 άπέ-

229 1562 338 1643 όειξεν
357 1558 375 1628 ὁ
395 1555 483 1648 ἀνήρ
502 1562 540 1629 έν
562 1564 607 1652 τῷ
632 1561 808 1650 λογιστικῷ
830 1562 889 1646 rig
909 1561 1014 1644 νυχής
1031 1555 1116 1626 εἶναι
1137 1559 1291 1646 τὰπάθη
1313 1559 1407 1638 τούς

220 1667 364 1756 ’θυμοὺς
391 1669 446 1737 καὶ
475 1667 555 1748 τοὺς
582 1667 712 1755 φόβους
739 1667 794 1734 καὶ
822 1665 882 1746 τὰς
908 1665 1030 1746 λύπας,
1058 1669 1113 1734 sed
1135 1663 1175 1734 τά
1204 1665 1300 1754 πάθη
1328 1668 1402 1734 καὶ

227 1773 309 1857 τοὺς
330 1775 466 1862 θυμοὺς
487 1804 517 1844 κ.
540 1803 567 1844 τ.
589 1783 633 1844 λ..
662 1778 747 1862 quod
775 1777 809 1842 M
837 1783 986 1842 testatur.
1035 1777 1069 1842 P.
1093 1777 1156 1841 usu
1181 1775 1266 1840 merl.
1290 1777 1403 1842 τοῦτο

227 1883 315 1972 (lege
338 1884 456 1974 ταῦτα)
481 1874 545 1950 οὖν
569 1879 587 1950 ὁ
613 1881 758 1950 Πλάτων
782 1877 845 1950 ούκ
867 1878 1012 1968 άκριηλώς
1030 1885 1116 1966 ε’γνω
1139 1883 1198 1968 τής
1215 1877 1404 1968 Ἰπποκρά·

226 2015 307 2070 τους
333 1989 450 2078 τέχνης
476 1995 584 2058 καίτοι
612 1989 817 2076 πειρώμενος
848 1989 985 2058 ἕπεσθαι
1019 1983 1135 2072 τάνὸρλ
1165 1987 1220 2055 καὶ
1251 1991 1399 2074 προσέτι

226 2122 265 2183 γε
287 2096 363 2182 περὶ
386 2101 448 2166 τοῦ
470 2101 593 2165 λευκοῦ
616 2098 819 2182 φλέγματοςι
847 2100 928 2164 adde
952 2121 1027 2164 oum
1050 2098 1085 2163 M
1114 2097 1169 2163 καὶ
1198 2105 1274 2166 aute
1303 2105 1401 2182 περί.

227 2204 263 2272 Ρ.
289 2205 353 2271 766
376 2208 420 2272 in.
444 2208 558 2291 δηλῶν
581 2201 623 2274 ού
641 2204 751 2292 μόνον
771 2210 817 2284 εἰς
840 2204 1010 2290 ἰατρικήν,
1033 2201 1190 2272 ἀλλὰκαὶ
1209 2201 1401 2284 trigidius

227 2309 344 2398 τέχνας
362 2311 559 2380 ἐκτετάσθαι
578 2309 615 2380 τὸ
635 2313 764 2400 σκέμμα
783 2311 846 2398 τήν
859 2311 959 2380 λύσιν
973 2310 1093 2391 arisoth
1112 2314 1184 2398 lege
1203 2311 1240 2379 τὸ
1258 2313 1399 2400 σκέμμα

226 2416 378 2505 καλιήν
401 2416 502 2487 λύσιν
525 2415 640 2488 αὐτοῦ.
664 2459 706 2468 -
730 2422 764 2486 P.
784 2423 850 2488 384
874 2423 933 2488 sub
958 2423 1010 2488 liu.
1034 2417 1141 2500 οὕτως
1164 2416 1308 2506 εὑρίσκω
1334 2423 1395 2488 καὶ

226 2521 264 2592 τὸ
289 2519 434 2611 άλογος
457 2525 511 2616 (cf.
532 2529 603 2596 adn.
618 2531 676 2598 43»
701 2525 809 2614 ὄνομα
828 2526 918 2613 παρά
936 2552 974 2594 τε
998 2542 1068 2608 τοῖς
1087 2535 1243 2618 παλαιοῖς
1263 2525 1399 2598 ἅπασιν

226 2631 406 2719 εἰρημένον
431 2629 496 2701 ὑπό
520 2661 554 2702 τε
577 2638 645 2703 τάν
667 2637 730 2700 νῦν
753 2631 947 2722 άυθριόπων
970 2635 1154 2720 λεγόμενον
1171 2659 1231 2703 uos
1255 2645 1398 2706 aristote

226 2740 262 2806 M
294 2743 500 2809 restituimus
533 2759 566 2809 et
595 2767 629 2808 τε
663 2750 738 2828 post
771 2741 860 2827 παρά
894 2745 1074 2810 inserentes
1107 2760 1139 2810 et
1172 2739 1296 2828 ἄλογος
1325 2769 1396 2830 pro

226 2843 354 2932 ἄλογον
378 2850 567 2916 scribentes
604 2851 717 2916 Eu'um
737 2874 768 2936 p.
787 2853 851 2916 526
876 2859 953 2937 post
972 2853 1015 2918 iu
1035 2875 1109 2918 cum
1127 2851 1162 2918 M
1181 2853 1397 2937 scripsimus:

226 2948 442 3041 ύμολύγηταό
465 2981 504 3022 τε
531 2969 602 3035 τοῖς
630 2953 846 3042 ἀνατομικοῖς
873 2953 1016 3044 άνὸράσι
1044 2957 1099 3024 καὶ
1131 2961 1300 3026 ὁείκνυται
1330 2959 1394 3026 καὶ

225 3057 310 3146 πρὸς
344 3057 453 3148 ἡμῶν,
491 3069 524 3130 et
556 3089 586 3150 p.
621 3065 685 3130 666
720 3080 795 3131 uute
830 3067 913 3132 merl.
949 3067 1194 3132 πλεονεκτούσα
1227 3061 1259 3132 d'
1297 3063 1397 3153 ὅμως

226 3165 414 3255 ψυχρότητί
438 3194 477 3236 τε
504 3169 558 3237 καὶ
589 3169 753 3258 ξηρότητι.
802 3173 871 3239 Nee
900 3173 1123 3239 dubitavimus
1151 3197 1181 3260 p.
1209 3176 1275 3241 6ῖ6
1304 3178 1395 3242 med.

226 3277 370 3344 codicem
398 3278 434 3344 M
462 3281 566 3346 secuti
594 3285 671 3365 post
694 3279 804 3346 ἐκεῖνα
828 3280 1029 3348 Particulom
1058 3305 1094 3366 γε
1122 3283 1264 3348 inserere
1288 3293 1394 3369 etque

226 3385 383 3451 seribere:
402 3377 445 3451 ού
462 3383 501 3470 μὶ
513 3412 532 3451 ν
550 3381 621 3452 κατ’
639 3385 749 3452 ἐκεῖνά
765 3412 804 3470 γε
819 3381 881 3454 τὸν
896 3387 971 3471 περὶ
985 3391 1054 3454 τῶν
1069 3387 1268 3474 νοσημάτων
1282 3387 1395 3474 λόγον

226 3487 422 3576 ἐποιήσατο,
447 3499 480 3558 et
502 3495 703 3560 Posticulum
727 3495 767 3560 σε’
788 3519 819 3580 p.
842 3499 906 3562 269
937 3497 1018 3562 med.
1047 3497 1081 3562 iu
1107 3498 1256 3564 oratioue
1280 3497 1391 3584 Chry·

225 3599 315 3684 sippi
342 3598 396 3664 καλ
425 3595 465 3668 τά
494 3603 562 3667 τῶν
590 3597 815 3686 ὀργιζομένων
844 3599 884 3668 dl
913 3601 1193 3689 πάθη-φαίνεται
1222 3604 1296 3687 περὶ
1325 3603 1392 3674 τὸν

224 3703 367 3790 θύρακα
394 3705 592 3794 γιγνόμενα,
624 3718 656 3774 et
685 3733 715 3794 p.
739 3713 803 3775 386
833 3711 876 3776 iu.
905 3712 962 3776 ἴνα
990 3707 1053 3796 γάρ
1082 3705 1099 3778 ὁ
1124 3709 1224 3796 λόγος
1253 3708 1391 3800 ήγεμιόν

225 3811 332 3896 ἐστιν,
353 3807 371 3900 ἢ
391 3809 491 3901 άρετή
507 3815 614 3882 ἕπεται
640 3810 656 3902 η
673 3811 865 3903 ἁμάρτημα.
889 3813 999 3910 πάθος
1018 3811 1049 3882 d’
1072 3813 1241 3886 οὐδέποτε.
1271 3822 1305 3888 P.
1319 3825 1388 3890 41?

226 3923 303 4002 post
322 3921 404 3988 med.
422 3921 486 4006 μέν
503 3934 580 4009 post
598 3919 830 4010 ἀποχωρήσειν
850 3928 883 3992 iu
904 3929 932 3992 A
955 3926 1113 3992 omissum
1133 3951 1203 3992 esse
1223 3929 1319 3998 docet
1337 3930 1388 4002 M:

225 4027 331 4091 scribo
360 4029 475 4114 igitur:
505 4030 601 4097 ἕνεκα
632 4027 696 4116 γάρ
724 4034 786 4098 τού
817 4031 862 4119 μή
896 4039 1119 4120 μακρολογεῖν
1152 4030 1389 4122 ἀποχωρήσειν

224 4127 296 4215 μὲν
328 4135 415 4218 ἔφην
447 4139 515 4202 τῶν
543 4133 656 4204 άλλων
686 4142 863 4213 Στωῖκιόν,
896 4137 1062 4220 ἐξετάσειν
1094 4141 1271 4230 ηέξετάζιιν
1303 4145 1387 4213 MA}

225 4233 262 4304 di
285 4231 375 4324 μόνα
397 4237 437 4308 τά
463 4247 670 4328 Χρυσίππου.
722 4247 754 4312 l’.
779 4249 844 4313 suu
873 4249 914 4314 iu.
942 4250 1033 4315 loeus
1062 4257 1095 4316 et
1122 4251 1387 4338 interpunctione

224 4367 327 4430 praru
354 4353 387 4414 et
420 4351 494 4416 oliis
524 4353 649 4417 merulis
678 4355 827 4421 foedatus
861 4359 907 4422 sio
939 4381 959 4422 o
987 4358 1084 4425 uobis
1117 4361 1290 4427 restitutus
1321 4372 1387 4430 est:
