2994 5024
676 301 926 370 ...238-

175 477 177 480 ’
221 463 439 556 σφάλλονται.
483 461 573 531 κάτω
595 461 658 550 μέν
682 459 747 550 γὰρ
775 465 836 530 τοῦ
858 459 1017 547 θιόρακος
1041 458 1059 550 ἡ
1084 465 1178 551 δηξίς
1200 463 1295 533 ἐστιν
1320 461 1392 534 ὑπὸ

219 579 266 668 τῷ
290 574 373 642 κατὰ
397 571 435 641 τὸ
459 571 602 656 στέρνον
625 568 778 662 χ’όνδρῳ,
808 567 826 658 ἡ
850 575 973 658 καρδία
996 570 1034 639 δὲ
1058 572 1096 640 ἐν
1117 574 1208 662 μέσῳ
1230 573 1389 642 τέτακται

220 685 266 774 τῷ
298 680 432 768 θώρακι
464 679 520 746 ιιαὶ
554 673 667 756 οὐδεὶς
698 675 822 766 ᾔσθετο
855 677 987 746 πώποτε
1018 681 1077 766 τῆς
1109 685 1250 767 καρδίας
1280 677 1394 768 αὐτῆς

221 789 433 876 δακνομένης
463 784 542 855 οὔτε
573 785 612 853 ἐν
642 783 764 864 λύπαις
791 783 869 854 οὔτε
901 787 939 853 έν
966 785 1056 878 άλλη)
1090 785 1192 856 πάθει
1227 791 1341 874 ψυχῆς
1372 784 1392 876 ἢ

181 921 194 962 5
221 895 384 984 σώματος.
434 891 476 963 οὐ
509 893 578 982 μην
612 889 692 961 οὐδὲ
722 889 741 980 ἡ
773 897 974 981 καρδιαλγία
1001 893 1152 984 τοῦνομα
1180 892 1243 983 την
1271 897 1312 962 ἐν
1340 901 1391 988 τῷ

220 1001 354 1090 θόρακι
378 1003 619 1090 περιεχομένην
645 1005 790 1088 καρδίαν
818 998 1010 1070 ὀδυνᾶσθαι
1034 1006 1147 1090 δηλοῖ,
1177 999 1261 1070 άλλά
1292 1005 1393 1072 ἐστιν

221 1108 400 1200 ὁμωνυμία
422 1137 473 1190 τις
494 1107 621 1178 οὐδένα
644 1108 867 1178 λανθάνουσα
893 1113 962 1178 τῶν
985 1107 1206 1198 ὡμιληκότων
1231 1107 1394 1198 άρχαίονν

222 1217 404 1307 γράμμασι.
439 1215 550 1304 ὥσπερ
574 1215 639 1303 γάρ
661 1215 699 1284 τὸ
719 1215 802 1285 κατὰ
821 1217 883 1285 τὸν
901 1217 1043 1304 θώρακα
1061 1215 1267 1306 σπλάγχνον,
1293 1216 1391 1288 οὕτω

131 1371 133 1376 -
221 1317 277 1394 καί
303 1325 343 1395 τὸ
373 1329 433 1414 τῆς
460 1323 604 1412 γαστρὸς
631 1323 737 1412 στόμα
766 1330 909 1408 καρδίαν
939 1323 1166 1413 ὀνομάζουσιν
1189 1330 1226 1395 σί
1244 1329 1391 1396 παλαιοί

182 1459 208 1500 ιο
221 1434 277 1502 καλ
300 1432 460 1522 πάμπολύ
482 1458 520 1519 γε
542 1429 693 1519 τοῦνομά
718 1433 786 1500 ἐστι
810 1431 900 1519 παρὰ
924 1429 1049 1513 αὐτοῖς.
1084 1430 1169 1502 άλλά
1193 1432 1257 1520 ἐγὼ
1281 1438 1393 1503 δυοῖν

221 1537 365 1630 ἢτριών
383 1538 677 1628 ἐπιμνησθήσομαι
698 1543 768 1607 τῶν
785 1539 1066 1628 παραδειγμάτων
1084 1537 1168 1629 ὑπὲρ
1186 1545 1249 1611 τοῦ
1266 1547 1393 1629 σαφῶς

154 1651 439 1731 εῖὸένδειξασθαι
468 1649 474 1738 Ι
502 1645 540 1716 τὸ
572 1646 824 1735 σημαινόμενον
857 1649 893 1716 ἐκ
923 1653 982 1736 τῆς
1013 1650 1141 1730 λέξεως.
1192 1647 1211 1718 ὁ
1243 1647 1308 1736 μέν
1342 1650 1390 1739 δὴ

135 1833 142 1848 ,
221 1759 418 1846 Νίκανδρος
439 1747 508 1825 ὧδέ
527 1781 599 1836 πως
620 1761 740 1842 φησίν·

495 1860 555 1952 εἣν
577 1868 723 1952 κραδίην
747 1861 956 1950 έπιδόρπισν,
980 1868 1016 1934 σί
1035 1863 1072 1933 δέ
1097 1869 1241 1954 δοχαίην

182 1995 208 2038 ir
397 1973 556 2041 ’κλείουσι
581 1969 784 2059 στομάχοιο]

221 2083 436 2166 Θουκυδίδης
459 2079 496 2146 δὲ
519 2070 599 2148 τόδε·
632 2079 696 2145 ’καί
729 2076 827 2148 ὁπότε
852 2084 899 2160 είς
926 2080 989 2167 τὴν
1016 2085 1160 2168 καρδίαν
1187 2082 1390 2168 στηριξειεν,

261 2305 385 2372 Ῑδείξις
402 2305 434 2360 L.
461 2335 494 2346 -
518 2299 576 2360 ιἰπδ
601 2301 732 2359 111th.
753 2335 785 2346 -
812 2301 1064 2386 οταρδίαάλγεί
1076 2303 1098 2358 L
1122 2309 1292 2393 καρδιαληία
1311 2306 1388 2366 HA.

222 2409 257 2420 -
277 2385 292 2435 7
312 2374 426 2434 oduino
445 2375 477 2432 L.
497 2407 531 2418 -
550 2372 730 2431 λανθάνουσι
744 2377 775 2433 L.
796 2409 829 2417 -
849 2373 1026 2446 όμιληκοτων
1040 2375 1078 2434 Μ.
1098 2409 1132 2418 ·-
1151 2381 1282 2446 αριαίοις
1300 2377 1332 2433 L.
1350 2413 1387 2423 -

222 2447 309 2507 ὓτότ
327 2445 402 2506 κατά
421 2449 452 2503 L.
473 2479 506 2490 —
526 2455 543 2502 9
561 2447 594 2504 τό
615 2449 663 2516 τῆς
681 2453 802 2514 καρδίας
821 2445 910 2518 στόμα
929 2449 961 2506 L.
981 2479 1014 2490 ·-
1041 2457 1074 2504 10
1091 2445 1227 2520 κάμπολό
1245 2470 1274 2506 τε
1296 2449 1328 2508 L.
1351 2483 1388 2496 -

227 2529 260 2578 12
279 2517 493 2593 raucisonam
511 2521 548 2576 M.
568 2551 603 2560 -
628 2528 661 2574 13
681 2523 846 2588 Νίκανδρος
865 2522 901 2577 ct.
919 2522 999 2577 Alex.
1019 2539 1045 2576 v.
1065 2528 1108 2578 21.
1129 2553 1161 2562 -
1189 2529 1221 2576 14
1241 2516 1276 2590 ἢν
1295 2523 1328 2577 1..
1350 2555 1387 2566 -

221 2597 327 2664 δοηὲητ
345 2595 378 2649 L.
399 2623 431 2634 -
454 2600 486 2648 16
506 2593 687 2659 Θουκυδίδης
706 2593 741 2646 cf.
761 2593 848 2647 Thur.
868 2593 908 2655 11,
926 2600 970 2653 49,
989 2599 1014 2650 3.
1035 2624 1068 2636 -
1092 2590 1223 2662 στηριξεν
1242 2595 1264 2649 L
1288 2601 1388 2664 στηρί-

221 2667 302 2734 ξαιεν
317 2664 451 2721 munch
471 2667 627 2732 στηρίξειεν
647 2664 670 2717 Κ
697 2665 807 2732 ηίίοίεα.
827 2667 856 2718 in
877 2664 1084 2737 Hipp.1’rogn⁴
1104 2665 1212 2722 Curram.
1233 2665 1339 2736 xvnr,
1360 2675 1388 2738 2,

221 2744 275 2796 286
294 2737 333 2794 K:
353 2733 496 2806 έστηριξες
515 2737 641 2804 στηρίξαι
661 2735 768 2806 Ἔοικα).
790 2767 822 2776 -

221 2949 420 3031 existimant,
443 2945 654 3012 vehementer
677 2950 795 3012 errant.
831 2945 918 3012 Nam
943 2945 978 3012 in
1000 2947 1211 3014 interioribus
1235 2947 1386 3015 thoracis

219 3057 371 3144 partibus
395 3056 457 3121 sub
485 3053 679 3140 cartilagine
706 3055 850 3140 pectoris
879 3077 1007 3120 morsus
1036 3061 1099 3142 est3
1127 3078 1184 3122 cor
1212 3061 1323 3122 autem
1349 3059 1385 3126 in

221 3163 329 3230 media
361 3162 506 3230 thoracis
540 3168 634 3247 parte
666 3163 864 3228 collocatum
894 3167 945 3228 est
975 3186 1079 3250 nequa
1108 3165 1280 3250 quisquam
1308 3167 1385 3250 tuit,

152 3301 159 3309 ·
220 3273 277 3360 qui
309 3271 344 3338 in
377 3271 637 3358 aegritudinibus
668 3273 847 3358 ceterisque
878 3277 947 3337 tum
981 3271 1098 3356 animi,
1129 3277 1198 3337 tum
1232 3276 1384 3358 corporis

221 3380 394 3446 affectibus
419 3403 475 3445 cor
497 3381 607 3466 ipsum
627 3381 769 3446 morderi
794 3403 936 3465 uuquam
957 3379 1105 3445 senserit.
1140 3378 1256 3465 Neque
1280 3382 1383 3448 etiam

221 3487 421 3574 cardialgiae
455 3511 517 3554 vox
550 3489 657 3554 cordis
691 3489 797 3567 illius,
830 3488 914 3574 quod
948 3489 981 3554 in
1014 3487 1150 3554 thorace
1183 3489 1384 3567 continetur,

221 3597 368 3663 dolorem
392 3595 571 3682 significat3
600 3597 655 3662 sed
684 3595 899 3680 homonymia
927 3597 1088 3681 quaedum
1112 3598 1225 3662 subest
1247 3599 1384 3683 nemini,

221 3705 277 3792 qui
300 3703 397 3770 modo
422 3705 456 3770 in
480 3709 626 3769 veterum
650 3705 771 3770 litteris
796 3709 951 3787 versetur,
973 3705 1098 3790 ignoto.
1142 3703 1268 3770 Eodem
1293 3707 1381 3772 enirn

221 3813 382 3880 vocabulo
416 3817 449 3878 et
477 3812 622 3878 thoracis
661 3814 769 3878 viscus
798 3824 831 3876 et
858 3811 1030 3878 ventriculi
1059 3813 1221 3878 orificium
1254 3825 1382 3880 ueteres

221 3920 392 4007 appellant
419 3925 453 3984 ct
480 3919 744 4006 frequentissime
775 3921 860 4006 apud
890 3944 946 3987 eos
975 3943 1095 3986 nomen
1124 3920 1185 3986 hoc
1211 3922 1383 4007 reperitur.

220 4029 305 4116 Ego,
328 4035 364 4092 ut
387 4033 509 4114 operte.
532 4051 615 4113 quoe
635 4029 684 4092 vis
704 4031 851 4094 subiecta
876 4030 1023 4110 recisit,
1045 4029 1217 4112 declarem,
1240 4029 1305 4096 duo
1331 4033 1381 4098 rol

220 4137 287 4203 tria
310 4137 458 4222 exempla
481 4135 535 4200 hic
560 4137 766 4224 subiungant.
812 4137 976 4204 Nicander
998 4137 1129 4224 quidem
1154 4137 1215 4204 itu:
1253 4137 1381 4218 ‘Quod

221 4267 287 4312 cor
319 4243 490 4329 epulare,
523 4245 560 4310 iu
591 4245 707 4331 gulae
735 4254 979 4332 exceptorem
1007 4245 1219 4330 vocitaut'3
1249 4247 1381 4335 Thucy·

221 4353 311 4424 didos
335 4357 445 4418 παλαια
467 4353 529 4418 ita:
576 4353 641 4420 ‘Et
670 4355 734 4422 ubi
760 4355 804 4420 ad
832 4378 897 4422 cor
920 4355 1063 4422 mulum
1085 4361 1381 4444 penetraverat,
