<?xml version="1.0" encoding="UTF-8"?>
<!DOCTYPE html PUBLIC "-//W3C//DTD XHTML 1.0 Transitional//EN"
    "http://www.w3.org/TR/xhtml1/DTD/xhtml1-transitional.dtd">
<html xmlns="http://www.w3.org/1999/xhtml" xml:lang="en" lang="en">
 <head>
  <title>
</title>
<meta http-equiv="Content-Type" content="text/html;charset=utf-8" />
  <meta name='ocr-system' content='tesseract 3.04.00' />
  <meta name='ocr-capabilities' content='ocr_page ocr_carea ocr_par ocr_line ocrx_word'/>
</head>
<body>
  <div class='ocr_page' id='page_1' title='image "./claudiigalenide01mlgoog_0189.png"; bbox 0 0 3048 5036; ppageno 0'>
   <div class='ocr_carea' id='block_1_1' title="bbox 678 394 925 464">
    <p class='ocr_par' dir='ltr' id='par_1_1' title="bbox 678 394 925 464">
     <span class='ocr_line' id='line_1_1' title="bbox 678 394 925 464; baseline 0 0"><span class='ocrx_word' id='word_1_1' title='bbox 678 394 925 464; x_wconf 85' lang='grc'>-166-</span> 
     </span>
    </p>
   </div>
   <div class='ocr_carea' id='block_1_2' title="bbox 113 546 1401 2164">
    <p class='ocr_par' dir='ltr' id='par_1_2' title="bbox 113 546 1388 974">
     <span class='ocr_line' id='line_1_2' title="bbox 113 546 1384 654; baseline -0.013 -19"><span class='ocrx_word' id='word_1_2' title='bbox 113 599 117 607; x_wconf 25' lang='grc' dir='ltr'><strong>Δ</strong></span> <span class='ocrx_word' id='word_1_3' title='bbox 218 559 397 654; x_wconf 76' lang='grc' dir='ltr'><strong><em>άμνωστόν</em></strong></span> <span class='ocrx_word' id='word_1_4' title='bbox 429 586 463 630; x_wconf 90' lang='grc' dir='ltr'><strong><em>τε</em></strong></span> <span class='ocrx_word' id='word_1_5' title='bbox 493 565 615 647; x_wconf 87' lang='grc' dir='ltr'><strong><em>μεῖνιιν</em></strong></span> <span class='ocrx_word' id='word_1_6' title='bbox 646 551 776 644; x_wconf 85' lang='grc' dir='ltr'><strong><em>τάνδρί.</em></strong></span> <span class='ocrx_word' id='word_1_7' title='bbox 826 558 895 624; x_wconf 77' lang='lat' dir='ltr'><strong>raia</strong></span> <span class='ocrx_word' id='word_1_8' title='bbox 926 553 989 643; x_wconf 74' lang='grc' dir='ltr'><strong>μὲν</strong></span> <span class='ocrx_word' id='word_1_9' title='bbox 1021 551 1085 643; x_wconf 81' lang='grc' dir='ltr'><strong>γάρ</strong></span> <span class='ocrx_word' id='word_1_10' title='bbox 1113 551 1253 640; x_wconf 85' lang='grc' dir='ltr'><strong><em>,νεύρων</em></strong></span> <span class='ocrx_word' id='word_1_11' title='bbox 1281 546 1384 620; x_wconf 90' lang='grc' dir='ltr'><strong><em>ούδέν</em></strong></span> 
     </span>
     <span class='ocr_line' id='line_1_3' title="bbox 222 659 1385 755; baseline -0.01 -14"><span class='ocrx_word' id='word_1_12' title='bbox 222 669 486 753; x_wconf 62' lang='grc' dir='ltr'><strong><em>έστι”τοιοῦτον,</em></strong></span> <span class='ocrx_word' id='word_1_13' title='bbox 515 671 551 737; x_wconf 83' lang='grc' dir='ltr'><strong>ολ</strong></span> <span class='ocrx_word' id='word_1_14' title='bbox 576 666 612 735; x_wconf 73' lang='grc' dir='ltr'><strong>δέ</strong></span> <span class='ocrx_word' id='word_1_15' title='bbox 637 661 880 755; x_wconf 77' lang='grc' dir='ltr'><strong><em>ὀνομαζόμενοι</em></strong></span> <span class='ocrx_word' id='word_1_16' title='bbox 908 661 989 752; x_wconf 90' lang='grc' dir='ltr'><strong><em>μύες</em></strong></span> <span class='ocrx_word' id='word_1_17' title='bbox 1012 659 1255 751; x_wconf 78' lang='grc' dir='ltr'><strong><em>ὑποδεχόμενοι</em></strong></span> <span class='ocrx_word' id='word_1_18' title='bbox 1280 663 1385 730; x_wconf 84' lang='grc' dir='ltr'><strong><em>ταῦτα</em></strong></span> 
     </span>
     <span class='ocr_line' id='line_1_4' title="bbox 222 765 1386 865; baseline -0.009 -17"><span class='ocrx_word' id='word_1_19' title='bbox 222 780 355 848; x_wconf 82' lang='grc' dir='ltr'><strong><em>κινοῦσι</em></strong></span> <span class='ocrx_word' id='word_1_20' title='bbox 383 775 424 844; x_wconf 80' lang='grc' dir='ltr'><strong>τὰ</strong></span> <span class='ocrx_word' id='word_1_21' title='bbox 451 777 544 865; x_wconf 83' lang='grc' dir='ltr'><strong><em>μέλιχ.</em></strong></span> <span class='ocrx_word' id='word_1_22' title='bbox 598 775 653 843; x_wconf 82' lang='grc' dir='ltr'><strong>καὶ</strong></span> <span class='ocrx_word' id='word_1_23' title='bbox 683 771 812 856; x_wconf 84' lang='grc' dir='ltr'><strong><em>δόξειεν</em></strong></span> <span class='ocrx_word' id='word_1_24' title='bbox 844 767 888 840; x_wconf 82' lang='lat' dir='ltr'><strong>dv</strong></span> <span class='ocrx_word' id='word_1_25' title='bbox 916 765 993 841; x_wconf 81' lang='grc' dir='ltr'><strong><em>οἷον</em></strong></span> <span class='ocrx_word' id='word_1_26' title='bbox 1020 773 1149 862; x_wconf 86' lang='grc' dir='ltr'><strong><em>μοχλοῦ</em></strong></span> <span class='ocrx_word' id='word_1_27' title='bbox 1176 797 1269 850; x_wconf 90' lang='grc' dir='ltr'><strong><em>τινος</em></strong></span> <span class='ocrx_word' id='word_1_28' title='bbox 1297 775 1386 859; x_wconf 81' lang='grc' dir='ltr'><strong><em>ἔχειν</em></strong></span> 
     </span>
     <span class='ocr_line' id='line_1_5' title="bbox 223 876 1388 974; baseline -0.007 -18"><span class='ocrx_word' id='word_1_29' title='bbox 223 885 372 974; x_wconf 90' lang='grc' dir='ltr'><strong><em>δύναμιν</em></strong></span> <span class='ocrx_word' id='word_1_30' title='bbox 400 881 418 954; x_wconf 85' lang='grc' dir='ltr'>ὁ</span> <span class='ocrx_word' id='word_1_31' title='bbox 447 887 512 972; x_wconf 90' lang='grc' dir='ltr'><strong>μῦς</strong></span> <span class='ocrx_word' id='word_1_32' title='bbox 533 879 580 964; x_wconf 81' lang='grc' dir='ltr'><strong>ὦς</strong></span> <span class='ocrx_word' id='word_1_33' title='bbox 607 881 691 969; x_wconf 86' lang='grc' dir='ltr'><strong><em>πρὸς</em></strong></span> <span class='ocrx_word' id='word_1_34' title='bbox 720 878 758 950; x_wconf 87' lang='grc' dir='ltr'><strong>τὸ</strong></span> <span class='ocrx_word' id='word_1_35' title='bbox 789 883 921 969; x_wconf 89' lang='grc' dir='ltr'><strong><em>νεῦρον.</em></strong></span> <span class='ocrx_word' id='word_1_36' title='bbox 970 877 1081 968; x_wconf 77' lang='grc' dir='ltr'><strong><em>ὥσπερ</em></strong></span> <span class='ocrx_word' id='word_1_37' title='bbox 1109 878 1192 966; x_wconf 77' lang='grc' dir='ltr'><strong><em>γάρ,</em></strong></span> <span class='ocrx_word' id='word_1_38' title='bbox 1223 876 1288 948; x_wconf 80' lang='grc' dir='ltr'><strong>ὅσα</strong></span> <span class='ocrx_word' id='word_1_39' title='bbox 1315 893 1388 960; x_wconf 87' lang='grc' dir='ltr'><strong><em>ταῖς</em></strong></span> 
     </span>
    </p>

    <p class='ocr_par' dir='ltr' id='par_1_3' title="bbox 158 985 1401 2164">
     <span class='ocr_line' id='line_1_6' title="bbox 190 985 1389 1084; baseline -0.002 -26"><span class='ocrx_word' id='word_1_40' title='bbox 190 995 340 1084; x_wconf 76' lang='grc' dir='ltr'><strong><em>εχερσλν</em></strong></span> <span class='ocrx_word' id='word_1_41' title='bbox 372 989 433 1082; x_wconf 91' lang='grc' dir='ltr'><strong>ούχ</strong></span> <span class='ocrx_word' id='word_1_42' title='bbox 466 985 536 1062; x_wconf 80' lang='grc' dir='ltr'><strong><em>οἷοί</em></strong></span> <span class='ocrx_word' id='word_1_43' title='bbox 560 991 598 1060; x_wconf 93' lang='grc' dir='ltr'><strong>τέ</strong></span> <span class='ocrx_word' id='word_1_44' title='bbox 629 990 730 1078; x_wconf 78' lang='grc' dir='ltr'><strong><em>ἐσμεν</em></strong></span> <span class='ocrx_word' id='word_1_45' title='bbox 761 992 896 1079; x_wconf 72' lang='grc' dir='ltr'><strong><em>κινῆσαι</em></strong></span> <span class='ocrx_word' id='word_1_46' title='bbox 924 987 1029 1076; x_wconf 76' lang='grc' dir='ltr'><strong><em>βάρη,</em></strong></span> <span class='ocrx_word' id='word_1_47' title='bbox 1063 985 1119 1056; x_wconf 85' lang='grc' dir='ltr'><strong>διὰ</strong></span> <span class='ocrx_word' id='word_1_48' title='bbox 1151 991 1220 1058; x_wconf 78' lang='grc' dir='ltr'><strong>τῶν</strong></span> <span class='ocrx_word' id='word_1_49' title='bbox 1251 993 1389 1078; x_wconf 78' lang='grc' dir='ltr'><strong><em>μοχλῶν</em></strong></span> 
     </span>
     <span class='ocr_line' id='line_1_7' title="bbox 225 1095 1391 1190; baseline -0.006 -18"><span class='ocrx_word' id='word_1_50' title='bbox 225 1097 310 1172; x_wconf 81' lang='grc' dir='ltr'><strong><em>αύτέι</em></strong></span> <span class='ocrx_word' id='word_1_51' title='bbox 333 1105 511 1190; x_wconf 78' lang='grc' dir='ltr'><strong><em>κινοῦμεν,</em></strong></span> <span class='ocrx_word' id='word_1_52' title='bbox 534 1097 622 1167; x_wconf 85' lang='grc' dir='ltr'><strong><em>ούτω</em></strong></span> <span class='ocrx_word' id='word_1_53' title='bbox 645 1099 700 1166; x_wconf 81' lang='grc' dir='ltr'><strong>καὶ</strong></span> <span class='ocrx_word' id='word_1_54' title='bbox 724 1096 764 1166; x_wconf 80' lang='grc' dir='ltr'><strong>τά</strong></span> <span class='ocrx_word' id='word_1_55' title='bbox 789 1101 850 1166; x_wconf 88' lang='grc' dir='ltr'><strong>τοῦ</strong></span> <span class='ocrx_word' id='word_1_56' title='bbox 874 1095 1027 1186; x_wconf 72' lang='grc' dir='ltr'><strong><em>σώματος</em></strong></span> <span class='ocrx_word' id='word_1_57' title='bbox 1054 1097 1135 1186; x_wconf 82' lang='grc' dir='ltr'><strong><em>μέλη</em></strong></span> <span class='ocrx_word' id='word_1_58' title='bbox 1159 1111 1231 1178; x_wconf 85' lang='grc' dir='ltr'><strong><em>τοῖς</em></strong></span> <span class='ocrx_word' id='word_1_59' title='bbox 1254 1096 1391 1186; x_wconf 77' lang='grc' dir='ltr'><strong><em>νεύροις</em></strong></span> 
     </span>
     <span class='ocr_line' id='line_1_8' title="bbox 158 1203 1392 1294; baseline -0.003 -16"><span class='ocrx_word' id='word_1_60' title='bbox 158 1207 476 1290; x_wconf 61' lang='grc' dir='ltr'><strong><em>ςωάδννατοῦντες</em></strong></span> <span class='ocrx_word' id='word_1_61' title='bbox 503 1221 611 1276; x_wconf 85' lang='grc' dir='ltr'><strong><em>κινεῖν</em></strong></span> <span class='ocrx_word' id='word_1_62' title='bbox 639 1205 719 1286; x_wconf 86' lang='grc' dir='ltr'><strong><em>τοῦς</em></strong></span> <span class='ocrx_word' id='word_1_63' title='bbox 746 1210 810 1294; x_wconf 88' lang='grc' dir='ltr'><strong>μῦς</strong></span> <span class='ocrx_word' id='word_1_64' title='bbox 834 1208 839 1292; x_wconf 91' lang='grc' dir='ltr'>Ι</span> <span class='ocrx_word' id='word_1_65' title='bbox 865 1203 1174 1292; x_wconf 77' lang='grc' dir='ltr'><strong><em>προσεκτιχσάμεθα.</em></strong></span> <span class='ocrx_word' id='word_1_66' title='bbox 1220 1203 1392 1294; x_wconf 87' lang='grc' dir='ltr'><strong><em>λνόμευον</em></strong></span> 
     </span>
     <span class='ocr_line' id='line_1_9' title="bbox 229 1311 1392 1408; baseline -0.005 -20"><span class='ocrx_word' id='word_1_67' title='bbox 229 1317 294 1408; x_wconf 82' lang='grc' dir='ltr'><strong>μὰρ</strong></span> <span class='ocrx_word' id='word_1_68' title='bbox 322 1323 369 1398; x_wconf 77' lang='grc' dir='ltr'><strong><em>εἰς</em></strong></span> <span class='ocrx_word' id='word_1_69' title='bbox 397 1315 471 1398; x_wconf 84' lang='grc' dir='ltr'><strong><em>ι’νας</em></strong></span> <span class='ocrx_word' id='word_1_70' title='bbox 498 1316 536 1384; x_wconf 82' lang='grc' dir='ltr'><strong>έν</strong></span> <span class='ocrx_word' id='word_1_71' title='bbox 564 1314 690 1406; x_wconf 80' lang='grc' dir='ltr'><strong><em>ἑκάστῳ</em></strong></span> <span class='ocrx_word' id='word_1_72' title='bbox 718 1319 780 1402; x_wconf 85' lang='grc' dir='ltr'><strong>μυῒ</strong></span> <span class='ocrx_word' id='word_1_73' title='bbox 803 1313 841 1382; x_wconf 86' lang='grc' dir='ltr'><strong>τὸ</strong></span> <span class='ocrx_word' id='word_1_74' title='bbox 870 1316 996 1400; x_wconf 84' lang='grc' dir='ltr'><strong><em>νεῦρον</em></strong></span> <span class='ocrx_word' id='word_1_75' title='bbox 1023 1311 1253 1401; x_wconf 84' lang='grc' dir='ltr'><strong><em>άναμίμνυταί</em></strong></span> <span class='ocrx_word' id='word_1_76' title='bbox 1275 1339 1311 1381; x_wconf 94' lang='grc' dir='ltr'><strong><em>τε</em></strong></span> <span class='ocrx_word' id='word_1_77' title='bbox 1336 1315 1392 1383; x_wconf 80' lang='grc' dir='ltr'><strong>καὶ</strong></span> 
     </span>
     <span class='ocr_line' id='line_1_10' title="bbox 230 1419 1395 1512; baseline -0.003 -17"><span class='ocrx_word' id='word_1_78' title='bbox 230 1424 439 1495; x_wconf 88' lang='grc' dir='ltr'><strong><em>διαπλέκεται</em></strong></span> <span class='ocrx_word' id='word_1_79' title='bbox 464 1437 535 1504; x_wconf 88' lang='grc' dir='ltr'><strong><em>ταῖς</em></strong></span> <span class='ocrx_word' id='word_1_80' title='bbox 559 1423 595 1492; x_wconf 86' lang='grc' dir='ltr'><strong>έκ</strong></span> <span class='ocrx_word' id='word_1_81' title='bbox 621 1427 691 1492; x_wconf 79' lang='grc' dir='ltr'><strong>τῶν</strong></span> <span class='ocrx_word' id='word_1_82' title='bbox 714 1423 914 1512; x_wconf 75' lang='grc' dir='ltr'><strong><em>συνδέσμων</em></strong></span> <span class='ocrx_word' id='word_1_83' title='bbox 937 1425 1022 1503; x_wconf 83' lang='grc' dir='ltr'><strong><em>ι’σίν,</em></strong></span> <span class='ocrx_word' id='word_1_84' title='bbox 1045 1419 1114 1490; x_wconf 82' lang='grc' dir='ltr'><strong><em>εἶτα</em></strong></span> <span class='ocrx_word' id='word_1_85' title='bbox 1140 1423 1173 1503; x_wconf 86' lang='grc' dir='ltr'><strong>έξ</strong></span> <span class='ocrx_word' id='word_1_86' title='bbox 1201 1419 1333 1511; x_wconf 86' lang='grc' dir='ltr'><strong><em>άμφοῖν</em></strong></span> <span class='ocrx_word' id='word_1_87' title='bbox 1357 1423 1395 1492; x_wconf 83' lang='grc' dir='ltr'><strong>έν</strong></span> 
     </span>
     <span class='ocr_line' id='line_1_11' title="bbox 192 1527 1396 1622; baseline -0.002 -20"><span class='ocrx_word' id='word_1_88' title='bbox 192 1555 217 1595; x_wconf 86' lang='lat'><strong>1⁰</strong></span> <span class='ocrx_word' id='word_1_89' title='bbox 230 1561 262 1602; x_wconf 93' lang='grc' dir='ltr'><strong>τι</strong></span> <span class='ocrx_word' id='word_1_90' title='bbox 286 1535 454 1622; x_wconf 77' lang='grc' dir='ltr'><strong><em>νευρῶδες</em></strong></span> <span class='ocrx_word' id='word_1_91' title='bbox 472 1536 568 1622; x_wconf 77' lang='grc' dir='ltr'><strong><em>σῶμα</em></strong></span> <span class='ocrx_word' id='word_1_92' title='bbox 593 1531 762 1619; x_wconf 74' lang='grc' dir='ltr'><strong><em>γεννηθέν</em></strong></span> <span class='ocrx_word' id='word_1_93' title='bbox 785 1528 941 1618; x_wconf 85' lang='grc' dir='ltr'><strong><em>έκφύεται</em></strong></span> <span class='ocrx_word' id='word_1_94' title='bbox 965 1533 1027 1598; x_wconf 91' lang='grc' dir='ltr'><strong>τοῦ</strong></span> <span class='ocrx_word' id='word_1_95' title='bbox 1050 1527 1204 1618; x_wconf 75' lang='grc' dir='ltr'><strong><em>σώματος</em></strong></span> <span class='ocrx_word' id='word_1_96' title='bbox 1227 1533 1289 1599; x_wconf 86' lang='grc' dir='ltr'><strong>τοῦ</strong></span> <span class='ocrx_word' id='word_1_97' title='bbox 1308 1529 1396 1618; x_wconf 83' lang='grc' dir='ltr'><strong><em>μυὸς</em></strong></span> 
     </span>
     <span class='ocr_line' id='line_1_12' title="bbox 232 1635 1397 1729; baseline -0.002 -18"><span class='ocrx_word' id='word_1_98' title='bbox 232 1639 251 1711; x_wconf 86' lang='grc' dir='ltr'><strong><em>δ</em></strong></span> <span class='ocrx_word' id='word_1_99' title='bbox 271 1639 607 1729; x_wconf 76' lang='grc' dir='ltr'><strong><em>προσαγορευόμενος</em></strong></span> <span class='ocrx_word' id='word_1_100' title='bbox 624 1639 745 1708; x_wconf 85' lang='grc' dir='ltr'><strong><em>τεύων·</em></strong></span> <span class='ocrx_word' id='word_1_101' title='bbox 766 1637 853 1708; x_wconf 80' lang='grc' dir='ltr'><strong><em>οὕτω</em></strong></span> <span class='ocrx_word' id='word_1_102' title='bbox 874 1637 937 1726; x_wconf 79' lang='grc' dir='ltr'><strong>γάρ</strong></span> <span class='ocrx_word' id='word_1_103' title='bbox 958 1636 1019 1726; x_wconf 88' lang='grc' dir='ltr'><strong>ούχ</strong></span> <span class='ocrx_word' id='word_1_104' title='bbox 1033 1635 1254 1726; x_wconf 76' lang='grc' dir='ltr'><strong><em>Ἱπποκράτης</em></strong></span> <span class='ocrx_word' id='word_1_105' title='bbox 1271 1639 1397 1727; x_wconf 87' lang='grc' dir='ltr'><strong><em>μόνον.</em></strong></span> 
     </span>
     <span class='ocr_line' id='line_1_13' title="bbox 233 1743 1399 1838; baseline -0.002 -18"><span class='ocrx_word' id='word_1_106' title='bbox 233 1747 317 1820; x_wconf 79' lang='grc' dir='ltr'><strong><em>άλλδι</em></strong></span> <span class='ocrx_word' id='word_1_107' title='bbox 341 1751 397 1818; x_wconf 80' lang='grc' dir='ltr'><strong>καὶ</strong></span> <span class='ocrx_word' id='word_1_108' title='bbox 412 1747 558 1838; x_wconf 78' lang='grc' dir='ltr'><strong><em>’Όμηρος</em></strong></span> <span class='ocrx_word' id='word_1_109' title='bbox 581 1745 687 1818; x_wconf 86' lang='grc' dir='ltr'><strong><em>αὐτὸν</em></strong></span> <span class='ocrx_word' id='word_1_110' title='bbox 715 1745 954 1836; x_wconf 81' lang='grc' dir='ltr'><strong><em>ὀνομάζουσιν·</em></strong></span> <span class='ocrx_word' id='word_1_111' title='bbox 983 1745 1075 1827; x_wconf 78' lang='grc' dir='ltr'><strong><em>ὅστις</em></strong></span> <span class='ocrx_word' id='word_1_112' title='bbox 1101 1747 1209 1816; x_wconf 86' lang='grc' dir='ltr'><strong><em>τένιον</em></strong></span> <span class='ocrx_word' id='word_1_113' title='bbox 1236 1743 1399 1836; x_wconf 82' lang='grc' dir='ltr'><strong><em>ὀργάνων</em></strong></span> 
     </span>
     <span class='ocr_line' id='line_1_14' title="bbox 234 1855 1398 1948; baseline -0.002 -20"><span class='ocrx_word' id='word_1_114' title='bbox 234 1857 442 1947; x_wconf 70' lang='grc' dir='ltr'><strong><em>ἐπιφυόμενος</em></strong></span> <span class='ocrx_word' id='word_1_115' title='bbox 464 1855 634 1943; x_wconf 79' lang='grc' dir='ltr'><strong><em>ἀνάλογον</em></strong></span> <span class='ocrx_word' id='word_1_116' title='bbox 657 1858 720 1940; x_wconf 77' lang='grc' dir='ltr'><strong><em>ἕξει</em></strong></span> <span class='ocrx_word' id='word_1_117' title='bbox 744 1859 789 1948; x_wconf 80' lang='grc' dir='ltr'><strong>τῷ</strong></span> <span class='ocrx_word' id='word_1_118' title='bbox 813 1859 875 1925; x_wconf 91' lang='grc' dir='ltr'><strong>τοῦ</strong></span> <span class='ocrx_word' id='word_1_119' title='bbox 897 1858 1026 1945; x_wconf 83' lang='grc' dir='ltr'><strong><em>μοχλοῦ</em></strong></span> <span class='ocrx_word' id='word_1_120' title='bbox 1043 1855 1160 1944; x_wconf 87' lang='grc' dir='ltr'><strong><em>πέρατι</em></strong></span> <span class='ocrx_word' id='word_1_121' title='bbox 1183 1857 1229 1948; x_wconf 78' lang='grc' dir='ltr'><strong>τῷ</strong></span> <span class='ocrx_word' id='word_1_122' title='bbox 1250 1855 1398 1938; x_wconf 80' lang='grc' dir='ltr'><strong><em>ψαύοντι</em></strong></span> 
     </span>
     <span class='ocr_line' id='line_1_15' title="bbox 234 1961 1401 2055; baseline -0.002 -19"><span class='ocrx_word' id='word_1_123' title='bbox 234 1969 304 2036; x_wconf 75' lang='grc' dir='ltr'><strong>τῶν</strong></span> <span class='ocrx_word' id='word_1_124' title='bbox 325 1969 451 2054; x_wconf 79' lang='grc' dir='ltr'><strong><em>βαρῶν.</em></strong></span> <span class='ocrx_word' id='word_1_125' title='bbox 497 1961 577 2036; x_wconf 70' lang='grc' dir='ltr'><strong><em>οὐδὲ</em></strong></span> <span class='ocrx_word' id='word_1_126' title='bbox 601 1969 693 2035; x_wconf 84' lang='grc' dir='ltr'><strong><em>ἔστιν</em></strong></span> <span class='ocrx_word' id='word_1_127' title='bbox 717 1962 821 2034; x_wconf 77' lang='grc' dir='ltr'><strong><em>οὐδέν</em></strong></span> <span class='ocrx_word' id='word_1_128' title='bbox 849 1961 962 2051; x_wconf 84' lang='grc' dir='ltr'><strong><em>εὑρεῖν</em></strong></span> <span class='ocrx_word' id='word_1_129' title='bbox 991 1965 1028 2032; x_wconf 85' lang='grc' dir='ltr'><strong>έν</strong></span> <span class='ocrx_word' id='word_1_130' title='bbox 1054 1967 1099 2055; x_wconf 79' lang='grc' dir='ltr'><strong>τῷ</strong></span> <span class='ocrx_word' id='word_1_131' title='bbox 1130 1961 1259 2053; x_wconf 81' lang='grc' dir='ltr'><strong><em>σοι’ματι</em></strong></span> <span class='ocrx_word' id='word_1_132' title='bbox 1286 1966 1401 2052; x_wconf 84' lang='grc' dir='ltr'><strong><em>μέλος,</em></strong></span> 
     </span>
     <span class='ocr_line' id='line_1_16' title="bbox 196 2067 1400 2164; baseline -0.002 -20"><span class='ocrx_word' id='word_1_133' title='bbox 196 2071 255 2144; x_wconf 77' lang='lat'><strong>¹⁵3</strong></span> <span class='ocrx_word' id='word_1_134' title='bbox 279 2072 362 2142; x_wconf 82' lang='grc' dir='ltr'><strong><em>κατὰ</em></strong></span> <span class='ocrx_word' id='word_1_135' title='bbox 386 2073 448 2162; x_wconf 72' lang='grc' dir='ltr'><strong>μὲν</strong></span> <span class='ocrx_word' id='word_1_136' title='bbox 466 2073 529 2164; x_wconf 76' lang='grc' dir='ltr'><strong>τὴν</strong></span> <span class='ocrx_word' id='word_1_137' title='bbox 546 2071 711 2163; x_wconf 79' lang='grc' dir='ltr'><strong><em>ἡμετέραν</em></strong></span> <span class='ocrx_word' id='word_1_138' title='bbox 729 2087 868 2142; x_wconf 89' lang='grc' dir='ltr'><strong><em>κινεῖται</em></strong></span> <span class='ocrx_word' id='word_1_139' title='bbox 888 2077 1097 2160; x_wconf 85' lang='grc' dir='ltr'><strong><em>προαίρεσιν,</em></strong></span> <span class='ocrx_word' id='word_1_140' title='bbox 1120 2067 1163 2140; x_wconf 92' lang='grc' dir='ltr'><strong>ού</strong></span> <span class='ocrx_word' id='word_1_141' title='bbox 1179 2073 1400 2159; x_wconf 87' lang='grc' dir='ltr'><strong><em>προτέτακται</em></strong></span> 
     </span>
    </p>
   </div>
   <div class='ocr_carea' id='block_1_3' title="bbox 239 2321 1405 2688">
    <p class='ocr_par' dir='ltr' id='par_1_4' title="bbox 239 2321 1404 2688">
     <span class='ocr_line' id='line_1_17' title="bbox 277 2321 1402 2396; baseline 0.003 -14"><span class='ocrx_word' id='word_1_142' title='bbox 277 2322 399 2383; x_wconf 64' lang='lat' dir='ltr'><strong>rodeis</strong></span> <span class='ocrx_word' id='word_1_143' title='bbox 420 2321 596 2382; x_wconf 66' lang='lat' dir='ltr'><strong>laricem.</strong></span> <span class='ocrx_word' id='word_1_144' title='bbox 622 2321 709 2382; x_wconf 85' lang='grc' dir='ltr'><strong><em>ούδέν</em></strong></span> <span class='ocrx_word' id='word_1_145' title='bbox 731 2323 787 2382; x_wconf 78' lang='grc' dir='ltr'><strong><em>ἐστι</em></strong></span> <span class='ocrx_word' id='word_1_146' title='bbox 813 2327 916 2382; x_wconf 82' lang='lat' dir='ltr'><strong>ch.—</strong></span> <span class='ocrx_word' id='word_1_147' title='bbox 942 2326 1047 2396; x_wconf 68' lang='grc' dir='ltr'><strong><em>’ὶμῦες</em></strong></span> <span class='ocrx_word' id='word_1_148' title='bbox 1071 2325 1091 2382; x_wconf 94' lang='lat' dir='ltr'>C</span> <span class='ocrx_word' id='word_1_149' title='bbox 1112 2325 1171 2382; x_wconf 78' lang='lat' dir='ltr'><strong>Coi.</strong></span> <span class='ocrx_word' id='word_1_150' title='bbox 1195 2323 1266 2394; x_wconf 79' lang='grc' dir='ltr'><strong><em>μύες</em></strong></span> <span class='ocrx_word' id='word_1_151' title='bbox 1289 2327 1341 2386; x_wconf 83' lang='lat' dir='ltr'><strong>eh.</strong></span> <span class='ocrx_word' id='word_1_152' title='bbox 1368 2361 1402 2372; x_wconf 91' lang='lat'><em>-</em></span> 
     </span>
     <span class='ocr_line' id='line_1_18' title="bbox 239 2394 1404 2484; baseline -0.003 -28"><span class='ocrx_word' id='word_1_153' title='bbox 239 2399 397 2472; x_wconf 65' lang='lat' dir='ltr'><strong>suisne</strong></span> <span class='ocrx_word' id='word_1_154' title='bbox 429 2399 498 2484; x_wconf 81' lang='grc' dir='ltr'><strong><em>μέλιχ</em></strong></span> <span class='ocrx_word' id='word_1_155' title='bbox 526 2397 584 2454; x_wconf 82' lang='lat' dir='ltr'><strong>Coi.</strong></span> <span class='ocrx_word' id='word_1_156' title='bbox 614 2431 646 2440; x_wconf 83' lang='lat'><em>-</em></span> <span class='ocrx_word' id='word_1_157' title='bbox 676 2402 798 2465; x_wconf 75' lang='grc' dir='ltr'><strong><em>δείξειεν</em></strong></span> <span class='ocrx_word' id='word_1_158' title='bbox 826 2399 846 2454; x_wconf 86' lang='lat' dir='ltr'>C</span> <span class='ocrx_word' id='word_1_159' title='bbox 880 2394 992 2464; x_wconf 78' lang='grc' dir='ltr'><strong><em>δόξειεν</em></strong></span> <span class='ocrx_word' id='word_1_160' title='bbox 1021 2399 1079 2454; x_wconf 80' lang='lat' dir='ltr'><strong>cai.</strong></span> <span class='ocrx_word' id='word_1_161' title='bbox 1114 2399 1159 2454; x_wconf 70' lang='lat' dir='ltr'><strong>(.cs</strong></span> <span class='ocrx_word' id='word_1_162' title='bbox 1189 2399 1274 2456; x_wconf 86' lang='lat' dir='ltr'><strong>Proil.</strong></span> <span class='ocrx_word' id='word_1_163' title='bbox 1304 2421 1331 2472; x_wconf 84' lang='lat' dir='ltr'><strong>p.</strong></span> <span class='ocrx_word' id='word_1_164' title='bbox 1356 2409 1404 2456; x_wconf 67' lang='lat'><strong>43·</strong></span> 
     </span>
     <span class='ocr_line' id='line_1_19' title="bbox 241 2421 1405 2556; baseline 0.003 -30"><span class='ocrx_word' id='word_1_165' title='bbox 241 2501 274 2514; x_wconf 88' lang='lat'><em>-</em></span> <span class='ocrx_word' id='word_1_166' title='bbox 304 2473 408 2544; x_wconf 82' lang='grc' dir='ltr'><strong><em>μοχλοῦ</em></strong></span> <span class='ocrx_word' id='word_1_167' title='bbox 433 2469 510 2534; x_wconf 82' lang='grc' dir='ltr'><strong><em>τινὸς</em></strong></span> <span class='ocrx_word' id='word_1_168' title='bbox 534 2471 554 2526; x_wconf 84' lang='lat' dir='ltr'>C</span> <span class='ocrx_word' id='word_1_169' title='bbox 579 2471 636 2526; x_wconf 88' lang='lat' dir='ltr'><strong>Cai.</strong></span> <span class='ocrx_word' id='word_1_170' title='bbox 661 2473 766 2542; x_wconf 80' lang='grc' dir='ltr'><strong><em>μοχλοῦ</em></strong></span> <span class='ocrx_word' id='word_1_171' title='bbox 791 2493 866 2534; x_wconf 87' lang='grc' dir='ltr'><strong><em>τινος</em></strong></span> <span class='ocrx_word' id='word_1_172' title='bbox 892 2471 940 2526; x_wconf 86' lang='lat' dir='ltr'><strong>Ch.</strong></span> <span class='ocrx_word' id='word_1_173' title='bbox 962 2501 993 2512; x_wconf 88' lang='lat'>-</span> <span class='ocrx_word' id='word_1_174' title='bbox 1022 2479 1037 2522; x_wconf 66' lang='grc' dir='ltr'>Β</span> <span class='ocrx_word' id='word_1_175' title='bbox 1062 2491 1125 2533; x_wconf 87' lang='grc' dir='ltr'><strong><em>ινας</em></strong></span> <span class='ocrx_word' id='word_1_176' title='bbox 1150 2468 1207 2526; x_wconf 89' lang='lat' dir='ltr'>C</span> <span class='ocrx_word' id='word_1_177' title='bbox 1195 2492 1258 2556; x_wconf 73' lang='grc' dir='ltr'><strong><em>ινας</em></strong></span> <span class='ocrx_word' id='word_1_178' title='bbox 1284 2421 1405 2530; x_wconf 73' lang='lat' dir='ltr'><strong>ciri.-</strong></span> 
     </span>
     <span class='ocr_line' id='line_1_20' title="bbox 242 2527 1405 2630; baseline 0 -28"><span class='ocrx_word' id='word_1_179' title='bbox 242 2545 333 2602; x_wconf 66' lang='grc' dir='ltr'><strong><em>δεῖτε</em></strong></span> <span class='ocrx_word' id='word_1_180' title='bbox 360 2543 380 2600; x_wconf 89' lang='lat' dir='ltr'>C</span> <span class='ocrx_word' id='word_1_181' title='bbox 407 2539 460 2599; x_wconf 83' lang='grc' dir='ltr'><strong><em>ειτ’</em></strong></span> <span class='ocrx_word' id='word_1_182' title='bbox 485 2543 557 2611; x_wconf 86' lang='lat' dir='ltr'><strong>Cui.;</strong></span> <span class='ocrx_word' id='word_1_183' title='bbox 582 2527 959 2630; x_wconf 74' lang='lat' dir='ltr'><strong>cf.Pi·011.p..-es-1o</strong></span> <span class='ocrx_word' id='word_1_184' title='bbox 983 2545 1033 2598; x_wconf 87' lang='grc' dir='ltr'><strong>τοῦ</strong></span> <span class='ocrx_word' id='word_1_185' title='bbox 1059 2539 1187 2628; x_wconf 75' lang='grc' dir='ltr'><strong><em>σώματος</em></strong></span> <span class='ocrx_word' id='word_1_186' title='bbox 1211 2545 1265 2613; x_wconf 82' lang='grc' dir='ltr'><strong>μῦς</strong></span> <span class='ocrx_word' id='word_1_187' title='bbox 1288 2545 1310 2602; x_wconf 86' lang='lat' dir='ltr'>C</span> <span class='ocrx_word' id='word_1_188' title='bbox 1334 2567 1358 2602; x_wconf 92' lang='grc' dir='ltr'><strong>τ.</strong></span> <span class='ocrx_word' id='word_1_189' title='bbox 1379 2565 1405 2602; x_wconf 79' lang='grc' dir='ltr'><strong>τ.</strong></span> 
     </span>
     <span class='ocr_line' id='line_1_21' title="bbox 242 2563 1328 2688; baseline 0.001 -16"><span class='ocrx_word' id='word_1_190' title='bbox 242 2613 314 2688; x_wconf 80' lang='grc' dir='ltr'><strong><em>μυός</em></strong></span> <span class='ocrx_word' id='word_1_191' title='bbox 332 2614 390 2672; x_wconf 78' lang='lat' dir='ltr'><strong>cai</strong></span> <span class='ocrx_word' id='word_1_192' title='bbox 410 2615 494 2672; x_wconf 76' lang='lat' dir='ltr'><strong>Che.</strong></span> <span class='ocrx_word' id='word_1_193' title='bbox 513 2635 537 2672; x_wconf 90' lang='grc' dir='ltr'><strong>σ.</strong></span> <span class='ocrx_word' id='word_1_194' title='bbox 557 2617 607 2672; x_wconf 85' lang='grc' dir='ltr'><strong>τοῦ</strong></span> <span class='ocrx_word' id='word_1_195' title='bbox 626 2613 698 2688; x_wconf 86' lang='grc' dir='ltr'><strong><em>μυός</em></strong></span> <span class='ocrx_word' id='word_1_196' title='bbox 722 2563 810 2674; x_wconf 87' lang='lat' dir='ltr'><strong>K-</strong></span> <span class='ocrx_word' id='word_1_197' title='bbox 831 2625 861 2672; x_wconf 86' lang='lat'><strong>11</strong></span> <span class='ocrx_word' id='word_1_198' title='bbox 883 2608 973 2680; x_wconf 74' lang='grc' dir='ltr'><strong><em>οὕτως</em></strong></span> <span class='ocrx_word' id='word_1_199' title='bbox 993 2615 1013 2672; x_wconf 82' lang='lat' dir='ltr'>C</span> <span class='ocrx_word' id='word_1_200' title='bbox 1033 2619 1099 2674; x_wconf 77' lang='lat' dir='ltr'><strong>cett.</strong></span> <span class='ocrx_word' id='word_1_201' title='bbox 1120 2609 1193 2671; x_wconf 84' lang='grc' dir='ltr'><strong><em>οῦτοι</em></strong></span> <span class='ocrx_word' id='word_1_202' title='bbox 1214 2633 1271 2673; x_wconf 78' lang='lat' dir='ltr'><strong>noa.</strong></span> <span class='ocrx_word' id='word_1_203' title='bbox 1293 2649 1328 2660; x_wconf 88' lang='lat'><strong>-·</strong></span> 
     </span>
    </p>
   </div>
   <div class='ocr_carea' id='block_1_4' title="bbox 244 2757 457 2767">
    <p class='ocr_par' dir='ltr' id='par_1_5' title="bbox 244 2757 457 2767">
     <span class='ocr_line' id='line_1_22' title="bbox 244 2757 457 2767; baseline -0.005 -1"><span class='ocrx_word' id='word_1_204' title='bbox 244 2757 457 2767; x_wconf 74' lang='lat'><strong>——-——--</strong></span> 
     </span>
    </p>
   </div>
   <div class='ocr_carea' id='block_1_5' title="bbox 245 2837 1419 4563">
    <p class='ocr_par' dir='ltr' id='par_1_6' title="bbox 245 2837 1419 4563">
     <span class='ocr_line' id='line_1_23' title="bbox 245 2837 1408 2925; baseline 0.003 -22"><span class='ocrx_word' id='word_1_205' title='bbox 245 2837 399 2925; x_wconf 85' lang='lat' dir='ltr'><strong>effugisse</strong></span> <span class='ocrx_word' id='word_1_206' title='bbox 437 2842 534 2923; x_wconf 85' lang='lat' dir='ltr'><strong>etque</strong></span> <span class='ocrx_word' id='word_1_207' title='bbox 571 2837 722 2924; x_wconf 86' lang='lat' dir='ltr'><strong>ignotum</strong></span> <span class='ocrx_word' id='word_1_208' title='bbox 756 2839 826 2904; x_wconf 81' lang='lat' dir='ltr'><strong>viro</strong></span> <span class='ocrx_word' id='word_1_209' title='bbox 864 2837 1094 2924; x_wconf 80' lang='lat' dir='ltr'><strong>permansisse.</strong></span> <span class='ocrx_word' id='word_1_210' title='bbox 1163 2837 1283 2904; x_wconf 87' lang='lat' dir='ltr'><strong>Nullus</strong></span> <span class='ocrx_word' id='word_1_211' title='bbox 1318 2840 1408 2907; x_wconf 87' lang='lat' dir='ltr'><strong>enim</strong></span> 
     </span>
     <span class='ocr_line' id='line_1_24' title="bbox 245 2945 1409 3032; baseline -0.002 -20"><span class='ocrx_word' id='word_1_212' title='bbox 245 2967 363 3012; x_wconf 75' lang='lat' dir='ltr'><strong>nervus</strong></span> <span class='ocrx_word' id='word_1_213' title='bbox 388 2947 448 3012; x_wconf 84' lang='lat' dir='ltr'><strong>tali</strong></span> <span class='ocrx_word' id='word_1_214' title='bbox 471 2945 590 3012; x_wconf 84' lang='lat' dir='ltr'><strong>robore</strong></span> <span class='ocrx_word' id='word_1_215' title='bbox 616 2952 678 3030; x_wconf 86' lang='lat' dir='ltr'><strong>est,</strong></span> <span class='ocrx_word' id='word_1_216' title='bbox 707 2947 763 3012; x_wconf 87' lang='lat' dir='ltr'><strong>sed</strong></span> <span class='ocrx_word' id='word_1_217' title='bbox 791 2948 847 3032; x_wconf 88' lang='lat' dir='ltr'><strong>qui</strong></span> <span class='ocrx_word' id='word_1_218' title='bbox 877 2949 1090 3014; x_wconf 79' lang='lat' dir='ltr'><strong>nominantur</strong></span> <span class='ocrx_word' id='word_1_219' title='bbox 1117 2947 1258 3013; x_wconf 88' lang='lat' dir='ltr'><strong>musculi</strong></span> <span class='ocrx_word' id='word_1_220' title='bbox 1286 2971 1409 3016; x_wconf 78' lang='lat' dir='ltr'><strong>neruos</strong></span> 
     </span>
     <span class='ocr_line' id='line_1_25' title="bbox 246 3053 1409 3141; baseline 0 -21"><span class='ocrx_word' id='word_1_221' title='bbox 246 3053 447 3139; x_wconf 75' lang='lat' dir='ltr'><strong>excipientes</strong></span> <span class='ocrx_word' id='word_1_222' title='bbox 471 3055 616 3120; x_wconf 89' lang='lat' dir='ltr'><strong>membra</strong></span> <span class='ocrx_word' id='word_1_223' title='bbox 642 3066 784 3122; x_wconf 80' lang='lat' dir='ltr'><strong>movent.</strong></span> <span class='ocrx_word' id='word_1_224' title='bbox 830 3057 878 3122; x_wconf 72' lang='lat' dir='ltr'><strong>Ac</strong></span> <span class='ocrx_word' id='word_1_225' title='bbox 906 3055 1011 3120; x_wconf 83' lang='lat' dir='ltr'><strong>rideri</strong></span> <span class='ocrx_word' id='word_1_226' title='bbox 1035 3054 1158 3141; x_wconf 84' lang='lat' dir='ltr'><strong>poterit</strong></span> <span class='ocrx_word' id='word_1_227' title='bbox 1185 3055 1275 3121; x_wconf 77' lang='lat' dir='ltr'><strong>velut</strong></span> <span class='ocrx_word' id='word_1_228' title='bbox 1302 3059 1409 3124; x_wconf 81' lang='lat' dir='ltr'><strong>rectis</strong></span> 
     </span>
     <span class='ocr_line' id='line_1_26' title="bbox 247 3161 1409 3249; baseline 0.004 -22"><span class='ocrx_word' id='word_1_229' title='bbox 247 3161 315 3228; x_wconf 86' lang='lat' dir='ltr'><strong>rim</strong></span> <span class='ocrx_word' id='word_1_230' title='bbox 343 3161 464 3228; x_wconf 85' lang='lat' dir='ltr'><strong>habere</strong></span> <span class='ocrx_word' id='word_1_231' title='bbox 494 3165 675 3248; x_wconf 69' lang='lat' dir='ltr'><strong>muscidu3‚</strong></span> <span class='ocrx_word' id='word_1_232' title='bbox 705 3167 733 3231; x_wconf 86' lang='lat' dir='ltr'><strong>si</strong></span> <span class='ocrx_word' id='word_1_233' title='bbox 761 3187 835 3232; x_wconf 90' lang='lat' dir='ltr'><strong>cum</strong></span> <span class='ocrx_word' id='word_1_234' title='bbox 863 3187 964 3230; x_wconf 84' lang='lat' dir='ltr'><strong>ncrro</strong></span> <span class='ocrx_word' id='word_1_235' title='bbox 989 3164 1241 3249; x_wconf 73' lang='lat' dir='ltr'><strong>comparaveris</strong></span> <span class='ocrx_word' id='word_1_236' title='bbox 1288 3165 1409 3242; x_wconf 82' lang='lat' dir='ltr'><strong>Quem·</strong></span> 
     </span>
     <span class='ocr_line' id='line_1_27' title="bbox 248 3269 1412 3360; baseline 0.003 -24"><span class='ocrx_word' id='word_1_237' title='bbox 248 3269 424 3336; x_wconf 85' lang='lat' dir='ltr'><strong>admodum</strong></span> <span class='ocrx_word' id='word_1_238' title='bbox 452 3271 538 3337; x_wconf 90' lang='lat' dir='ltr'><strong>enim</strong></span> <span class='ocrx_word' id='word_1_239' title='bbox 574 3274 731 3358; x_wconf 80' lang='lat' dir='ltr'><strong>pondere.</strong></span> <span class='ocrx_word' id='word_1_240' title='bbox 763 3297 846 3360; x_wconf 82' lang='lat' dir='ltr'><strong>quac</strong></span> <span class='ocrx_word' id='word_1_241' title='bbox 880 3275 1030 3340; x_wconf 87' lang='lat' dir='ltr'><strong>manibus</strong></span> <span class='ocrx_word' id='word_1_242' title='bbox 1064 3295 1194 3339; x_wconf 83' lang='lat' dir='ltr'><strong>morere</strong></span> <span class='ocrx_word' id='word_1_243' title='bbox 1227 3273 1412 3358; x_wconf 82' lang='lat' dir='ltr'><strong>nequimus.</strong></span> 
     </span>
     <span class='ocr_line' id='line_1_28' title="bbox 250 3379 1410 3470; baseline 0.003 -26"><span class='ocrx_word' id='word_1_244' title='bbox 250 3385 341 3445; x_wconf 81' lang='lat' dir='ltr'><strong>vecte</strong></span> <span class='ocrx_word' id='word_1_245' title='bbox 366 3379 515 3446; x_wconf 82' lang='lat' dir='ltr'><strong>adhibito</strong></span> <span class='ocrx_word' id='word_1_246' title='bbox 539 3403 717 3466; x_wconf 76' lang='lat' dir='ltr'><strong>movemus,</strong></span> <span class='ocrx_word' id='word_1_247' title='bbox 742 3384 788 3450; x_wconf 84' lang='lat' dir='ltr'><strong>sie</strong></span> <span class='ocrx_word' id='word_1_248' title='bbox 815 3384 962 3470; x_wconf 82' lang='lat' dir='ltr'><strong>corporis</strong></span> <span class='ocrx_word' id='word_1_249' title='bbox 987 3382 1134 3448; x_wconf 88' lang='lat' dir='ltr'><strong>membru</strong></span> <span class='ocrx_word' id='word_1_250' title='bbox 1157 3381 1313 3468; x_wconf 83' lang='lat' dir='ltr'><strong>quoniam</strong></span> <span class='ocrx_word' id='word_1_251' title='bbox 1337 3405 1410 3448; x_wconf 89' lang='lat' dir='ltr'><strong>ncr-</strong></span> 
     </span>
     <span class='ocr_line' id='line_1_29' title="bbox 251 3487 1413 3576; baseline 0.005 -25"><span class='ocrx_word' id='word_1_252' title='bbox 251 3487 300 3552; x_wconf 84' lang='lat' dir='ltr'><strong>ris</strong></span> <span class='ocrx_word' id='word_1_253' title='bbox 326 3509 456 3553; x_wconf 82' lang='lat' dir='ltr'><strong>morere</strong></span> <span class='ocrx_word' id='word_1_254' title='bbox 484 3491 670 3576; x_wconf 80' lang='lat' dir='ltr'><strong>nequimus,</strong></span> <span class='ocrx_word' id='word_1_255' title='bbox 698 3491 772 3557; x_wconf 86' lang='lat' dir='ltr'><strong>ideo</strong></span> <span class='ocrx_word' id='word_1_256' title='bbox 802 3491 967 3558; x_wconf 82' lang='lat' dir='ltr'><strong>musculus</strong></span> <span class='ocrx_word' id='word_1_257' title='bbox 994 3490 1083 3556; x_wconf 87' lang='lat' dir='ltr'><strong>nacti</strong></span> <span class='ocrx_word' id='word_1_258' title='bbox 1113 3511 1234 3554; x_wconf 78' lang='lat' dir='ltr'><strong>sumus.</strong></span> <span class='ocrx_word' id='word_1_259' title='bbox 1279 3487 1413 3557; x_wconf 77' lang='lat' dir='ltr'><strong>Nervus</strong></span> 
     </span>
     <span class='ocr_line' id='line_1_30' title="bbox 251 3595 1413 3685; baseline 0.005 -25"><span class='ocrx_word' id='word_1_260' title='bbox 251 3595 338 3660; x_wconf 87' lang='lat' dir='ltr'><strong>enim</strong></span> <span class='ocrx_word' id='word_1_261' title='bbox 362 3595 396 3662; x_wconf 87' lang='lat' dir='ltr'><strong>in</strong></span> <span class='ocrx_word' id='word_1_262' title='bbox 426 3619 619 3684; x_wconf 82' lang='lat' dir='ltr'><strong>unoquoque</strong></span> <span class='ocrx_word' id='word_1_263' title='bbox 644 3601 791 3666; x_wconf 82' lang='lat' dir='ltr'><strong>musculo</strong></span> <span class='ocrx_word' id='word_1_264' title='bbox 818 3599 852 3667; x_wconf 88' lang='lat' dir='ltr'><strong>in</strong></span> <span class='ocrx_word' id='word_1_265' title='bbox 880 3602 979 3665; x_wconf 81' lang='lat' dir='ltr'><strong>iilrrus</strong></span> <span class='ocrx_word' id='word_1_266' title='bbox 1006 3599 1185 3666; x_wconf 70' lang='lat' dir='ltr'><strong>dissolutus</strong></span> <span class='ocrx_word' id='word_1_267' title='bbox 1214 3621 1288 3664; x_wconf 86' lang='lat' dir='ltr'><strong>cum</strong></span> <span class='ocrx_word' id='word_1_268' title='bbox 1312 3623 1413 3685; x_wconf 80' lang='lat' dir='ltr'><strong>copu-</strong></span> 
     </span>
     <span class='ocr_line' id='line_1_31' title="bbox 251 3703 1414 3795; baseline 0.004 -27"><span class='ocrx_word' id='word_1_269' title='bbox 251 3703 358 3769; x_wconf 82' lang='lat' dir='ltr'><strong>lurum</strong></span> <span class='ocrx_word' id='word_1_270' title='bbox 383 3704 473 3770; x_wconf 81' lang='lat' dir='ltr'><strong>fibris</strong></span> <span class='ocrx_word' id='word_1_271' title='bbox 493 3709 724 3774; x_wconf 79' lang='lat' dir='ltr'><strong>commiscetur</strong></span> <span class='ocrx_word' id='word_1_272' title='bbox 743 3713 839 3794; x_wconf 72' lang='lat' dir='ltr'><strong>uiuue</strong></span> <span class='ocrx_word' id='word_1_273' title='bbox 863 3709 1132 3795; x_wconf 65' lang='lat' dir='ltr'><strong>implicaturum</strong></span> <span class='ocrx_word' id='word_1_274' title='bbox 1156 3711 1190 3772; x_wconf 83' lang='lat' dir='ltr'><strong>ut</strong></span> <span class='ocrx_word' id='word_1_275' title='bbox 1211 3731 1249 3771; x_wconf 83' lang='lat' dir='ltr'><strong>ex</strong></span> <span class='ocrx_word' id='word_1_276' title='bbox 1273 3713 1414 3794; x_wconf 86' lang='lat' dir='ltr'><strong>utroque</strong></span> 
     </span>
     <span class='ocr_line' id='line_1_32' title="bbox 253 3813 1415 3902; baseline 0.005 -26"><span class='ocrx_word' id='word_1_277' title='bbox 253 3833 353 3876; x_wconf 90' lang='lat' dir='ltr'><strong>uuum</strong></span> <span class='ocrx_word' id='word_1_278' title='bbox 382 3813 544 3898; x_wconf 86' lang='lat' dir='ltr'><strong>quoddam</strong></span> <span class='ocrx_word' id='word_1_279' title='bbox 573 3839 690 3902; x_wconf 88' lang='lat' dir='ltr'><strong>corpus</strong></span> <span class='ocrx_word' id='word_1_280' title='bbox 720 3841 895 3884; x_wconf 77' lang='lat' dir='ltr'><strong>ner&#39;rosuur</strong></span> <span class='ocrx_word' id='word_1_281' title='bbox 924 3819 1100 3884; x_wconf 81' lang='lat' dir='ltr'><strong>condatum</strong></span> <span class='ocrx_word' id='word_1_282' title='bbox 1129 3843 1146 3880; x_wconf 91' lang='lat' dir='ltr'><strong>e</strong></span> <span class='ocrx_word' id='word_1_283' title='bbox 1175 3815 1313 3881; x_wconf 80' lang='lat' dir='ltr'><strong>muscidi</strong></span> <span class='ocrx_word' id='word_1_284' title='bbox 1343 3839 1415 3882; x_wconf 89' lang='lat' dir='ltr'><strong>cor-</strong></span> 
     </span>
     <span class='ocr_line' id='line_1_33' title="bbox 255 3923 1416 4014; baseline 0.005 -28"><span class='ocrx_word' id='word_1_285' title='bbox 255 3943 332 4006; x_wconf 81' lang='lat' dir='ltr'><strong>pore</strong></span> <span class='ocrx_word' id='word_1_286' title='bbox 357 3929 546 4010; x_wconf 79' lang='lat' dir='ltr'><strong>enascatur,</strong></span> <span class='ocrx_word' id='word_1_287' title='bbox 576 3925 632 4011; x_wconf 84' lang='lat' dir='ltr'><strong>qui</strong></span> <span class='ocrx_word' id='word_1_288' title='bbox 656 3927 754 3994; x_wconf 88' lang='lat' dir='ltr'><strong>tendo</strong></span> <span class='ocrx_word' id='word_1_289' title='bbox 778 3929 964 4014; x_wconf 79' lang='lat' dir='ltr'><strong>appellatur</strong></span> <span class='ocrx_word' id='word_1_290' title='bbox 992 3925 1052 4012; x_wconf 65' lang='lat' dir='ltr'><strong>(ita</strong></span> <span class='ocrx_word' id='word_1_291' title='bbox 1082 3925 1168 3990; x_wconf 90' lang='lat' dir='ltr'><strong>euim</strong></span> <span class='ocrx_word' id='word_1_292' title='bbox 1198 3947 1263 3990; x_wconf 89' lang='lat' dir='ltr'><strong>uon</strong></span> <span class='ocrx_word' id='word_1_293' title='bbox 1286 3923 1416 4010; x_wconf 80' lang='lat' dir='ltr'><strong>Hippo·</strong></span> 
     </span>
     <span class='ocr_line' id='line_1_34' title="bbox 255 4029 1417 4120; baseline 0.005 -26"><span class='ocrx_word' id='word_1_294' title='bbox 255 4029 362 4094; x_wconf 83' lang='lat' dir='ltr'><strong>crates</strong></span> <span class='ocrx_word' id='word_1_295' title='bbox 390 4033 532 4116; x_wconf 86' lang='lat' dir='ltr'><strong>tautum,</strong></span> <span class='ocrx_word' id='word_1_296' title='bbox 555 4035 611 4098; x_wconf 86' lang='lat' dir='ltr'><strong>sed</strong></span> <span class='ocrx_word' id='word_1_297' title='bbox 634 4035 798 4102; x_wconf 72' lang='lat' dir='ltr'><strong>Humerus</strong></span> <span class='ocrx_word' id='word_1_298' title='bbox 827 4038 927 4103; x_wconf 89' lang='lat' dir='ltr'><strong>etium</strong></span> <span class='ocrx_word' id='word_1_299' title='bbox 952 4059 1025 4102; x_wconf 89' lang='lat' dir='ltr'><strong>cum</strong></span> <span class='ocrx_word' id='word_1_300' title='bbox 1049 4031 1175 4116; x_wconf 74' lang='lat' dir='ltr'><strong>rorat),</strong></span> <span class='ocrx_word' id='word_1_301' title='bbox 1203 4033 1417 4120; x_wconf 80' lang='lat' dir='ltr'><strong>quiquidem</strong></span> 
     </span>
     <span class='ocr_line' id='line_1_35' title="bbox 256 4136 1417 4234; baseline 0.004 -33"><span class='ocrx_word' id='word_1_302' title='bbox 256 4159 295 4202; x_wconf 83' lang='lat' dir='ltr'><strong>ex</strong></span> <span class='ocrx_word' id='word_1_303' title='bbox 328 4136 553 4208; x_wconf 80' lang='lat' dir='ltr'><strong>instmmeutis</strong></span> <span class='ocrx_word' id='word_1_304' title='bbox 590 4145 738 4212; x_wconf 85' lang='lat' dir='ltr'><strong>exoriens</strong></span> <span class='ocrx_word' id='word_1_305' title='bbox 776 4147 868 4234; x_wconf 62' lang='lat' dir='ltr'><strong>quare</strong></span> <span class='ocrx_word' id='word_1_306' title='bbox 908 4146 1071 4231; x_wconf 81' lang='lat' dir='ltr'><strong>quandum</strong></span> <span class='ocrx_word' id='word_1_307' title='bbox 1109 4142 1213 4208; x_wconf 86' lang='lat' dir='ltr'><strong>ricem</strong></span> <span class='ocrx_word' id='word_1_308' title='bbox 1251 4145 1417 4207; x_wconf 82' lang='lat' dir='ltr'><strong>extremae</strong></span> 
     </span>
     <span class='ocr_line' id='line_1_36' title="bbox 258 4243 1418 4342; baseline 0.004 -32"><span class='ocrx_word' id='word_1_309' title='bbox 258 4243 347 4310; x_wconf 86' lang='lat' dir='ltr'><strong>illius</strong></span> <span class='ocrx_word' id='word_1_310' title='bbox 384 4247 485 4312; x_wconf 83' lang='lat' dir='ltr'><strong>rectis</strong></span> <span class='ocrx_word' id='word_1_311' title='bbox 529 4254 634 4338; x_wconf 79' lang='lat' dir='ltr'><strong>partis</strong></span> <span class='ocrx_word' id='word_1_312' title='bbox 672 4255 813 4340; x_wconf 76' lang='lat' dir='ltr'><strong>obtinet,</strong></span> <span class='ocrx_word' id='word_1_313' title='bbox 854 4279 936 4342; x_wconf 81' lang='lat' dir='ltr'><strong>quoe</strong></span> <span class='ocrx_word' id='word_1_314' title='bbox 981 4253 1177 4340; x_wconf 81' lang='lat' dir='ltr'><strong>ponderibus</strong></span> <span class='ocrx_word' id='word_1_315' title='bbox 1216 4249 1418 4320; x_wconf 78' lang='lat' dir='ltr'><strong>admovetur.</strong></span> 
     </span>
     <span class='ocr_line' id='line_1_37' title="bbox 259 4352 1419 4449; baseline 0.005 -28"><span class='ocrx_word' id='word_1_316' title='bbox 259 4352 373 4444; x_wconf 77' lang='lat' dir='ltr'><strong>Neque</strong></span> <span class='ocrx_word' id='word_1_317' title='bbox 402 4360 536 4444; x_wconf 82' lang='lat' dir='ltr'><strong>reperiri</strong></span> <span class='ocrx_word' id='word_1_318' title='bbox 568 4363 602 4428; x_wconf 90' lang='lat' dir='ltr'><strong>iu</strong></span> <span class='ocrx_word' id='word_1_319' title='bbox 631 4386 768 4449; x_wconf 79' lang='lat' dir='ltr'><strong>curpme</strong></span> <span class='ocrx_word' id='word_1_320' title='bbox 796 4367 979 4430; x_wconf 83' lang='lat' dir='ltr'><strong>numinum</strong></span> <span class='ocrx_word' id='word_1_321' title='bbox 1009 4361 1110 4427; x_wconf 86' lang='lat' dir='ltr'><strong>ulium</strong></span> <span class='ocrx_word' id='word_1_322' title='bbox 1141 4365 1266 4446; x_wconf 68' lang='lat' dir='ltr'><strong>noted,</strong></span> <span class='ocrx_word' id='word_1_323' title='bbox 1289 4357 1419 4444; x_wconf 84' lang='lat' dir='ltr'><strong>quode</strong></span> 
     </span>
     <span class='ocr_line' id='line_1_38' title="bbox 258 4465 1418 4563; baseline 0 -33"><span class='ocrx_word' id='word_1_324' title='bbox 258 4475 372 4534; x_wconf 83' lang='lat' dir='ltr'><strong>nostra</strong></span> <span class='ocrx_word' id='word_1_325' title='bbox 396 4468 565 4534; x_wconf 74' lang='lat' dir='ltr'><strong>rolrmtote</strong></span> <span class='ocrx_word' id='word_1_326' title='bbox 595 4484 757 4558; x_wconf 80' lang='lat' dir='ltr'><strong>inuretur,</strong></span> <span class='ocrx_word' id='word_1_327' title='bbox 781 4473 833 4538; x_wconf 91' lang='lat' dir='ltr'><strong>cui</strong></span> <span class='ocrx_word' id='word_1_328' title='bbox 856 4497 922 4540; x_wconf 88' lang='lat' dir='ltr'><strong>non</strong></span> <span class='ocrx_word' id='word_1_329' title='bbox 946 4471 1154 4563; x_wconf 81' lang='lat' dir='ltr'><strong>praepositus</strong></span> <span class='ocrx_word' id='word_1_330' title='bbox 1178 4468 1222 4534; x_wconf 84' lang='lat' dir='ltr'><strong>sit</strong></span> <span class='ocrx_word' id='word_1_331' title='bbox 1249 4465 1418 4534; x_wconf 83' lang='lat' dir='ltr'><strong>musculus</strong></span> 
     </span>
    </p>
   </div>
   <div class='ocr_carea' id='block_1_6' title="bbox 0 0 1575 5036">
    <p class='ocr_par' dir='ltr' id='par_1_7' title="bbox 0 0 1575 5036">
     <span class='ocr_line' id='line_1_39' title="bbox 0 0 1575 5036; baseline 0 0"><span class='ocrx_word' id='word_1_332' title='bbox 0 0 1575 5036; x_wconf 95' lang='lat' dir='ltr'><strong> </strong></span> 
     </span>
    </p>
   </div>
  </div>
 </body>
</html>
