3048 5036
652 312 920 379 ¹—206-

1170 415 1197 490 t

213 499 270 542 ναι
289 477 358 543 τῶν
376 478 423 556 είς
440 471 500 554 τίις
518 469 704 554 ἀποδείξεις
723 472 932 558 ἐπιτηδείων,
955 467 1040 540 άλλὰ
1058 470 1114 540 καὶ
1133 498 1197 540 του
1214 473 1394 560 δευτέρου

212 607 247 650 τε
280 581 335 650 καλ
372 587 503 670 τρίτου,
542 581 755 668 περιέχεσθαι
789 578 826 647 οὲ
860 579 898 646 ἐν
929 581 974 670 τῷ
1006 577 1152 672 τετάρτῳ
1185 581 1275 666 γένει
1308 584 1396 650 τῶν

214 692 421 775 σοφιστικῶν
450 689 648 776 λημμάτων,
679 695 712 756 εί
731 713 768 773 γε
792 685 834 772 ὀὴ
863 685 973 772 σχῆμά
996 713 1028 754 τι
1051 688 1169 768 λέξεως
1192 685 1391 758 ὑποὸόεται

213 799 537 885 πεπανουργημένον
567 823 602 864 τε
629 796 685 864 καί
709 794 957 882 σεσοφισμένου
978 792 1064 880 πρὸς
1087 790 1312 882 ἀμφιβολίαν,
1343 799 1393 866 ἐκ

180 902 336 990 aruimus
367 902 429 972 τὸν
460 911 597 992 ε’λεγχον
624 905 757 986 ἐλπίζον
784 899 1050 988 ἀποδράσεσθαι.
1103 902 1140 970 τὸ
1170 902 1234 990 γάρ
1264 907 1312 972 ἐί
1340 905 1392 974 ot

213 1002 257 1098 ἦν
288 1007 353 1080 άπὸ
395 1016 459 1080 τοῦ
494 1011 681 1100 ἐγκεφάλου
714 1014 886 1098 χωροῦσα,
926 1006 989 1078 οὐκ
1025 1005 1069 1078 du
1107 1010 1164 1080 ded
1201 1010 1392 1099 φάρυγγος

214 1115 346 1206 ἐχάρει’
389 1125 571 1209 μοχθηρῶς
603 1125 669 1207 ἔχει
704 1117 768 1204 τὴν
800 1115 865 1186 άπό
903 1117 1070 1204 πρόθεσιν
1103 1119 1300 1206 ἐγκειμένην
1336 1123 1390 1208 τῇ

213 1224 318 1314 ῥήσει.
364 1227 427 1296 driu
451 1227 516 1316 γάρ
540 1233 627 1296 εἰσιν
651 1229 689 1296 ἐν
713 1224 814 1294 άπασι
838 1240 909 1306 τοῖς
931 1224 1098 1306 τοιούτοις
1120 1225 1234 1312 λόγοις
1257 1242 1391 1314 σαφεῖς

212 1335 403 1420 προθέσεις,
426 1333 447 1422 ἦ
470 1361 504 1403 τε
523 1332 589 1404 ὑπό
613 1336 668 1403 καλ
693 1331 778 1422 ipit,
798 1325 848 1402 τόν
871 1330 1036 1420 οὐδεμίαν
1058 1334 1248 1422 παρέλαβεν
1266 1340 1387 1402 καίτοι

175 1471 200 1508 ιν
215 1441 404 1530 δυνάμενος
432 1447 539 1510 εἰπεῖν
568 1445 610 1511 ‘er’
633 1443 670 1511 θλ
695 1433 737 1528 ἦν
765 1443 801 1509 ἐκ
824 1445 885 1510 τοῦ
909 1441 1098 1528 ἐγκεφάλου
1122 1444 1289 1530 χωροῦσα,
1313 1439 1388 1510 οὐκ

214 1543 258 1617 dv
277 1547 334 1617 διὰ
353 1548 528 1637 φάρυγγος
546 1550 674 1638 έχιόρεί
701 1545 718 1637 ἢ
743 1553 774 1618 εἰ
795 1547 840 1636 μὴ
866 1550 902 1616 εἰι
924 1552 985 1616 τοῦ
1004 1546 1201 1635 ἐγκεφάλου,
1224 1545 1289 1618 ὑπὸ
1314 1554 1389 1618 τοῦ

125 1731 129 1740 1
214 1655 402 1744 ἐγκεφάλου
429 1683 466 1743 γε
493 1656 626 1738 πάντως
654 1659 755 1744 ἐρχην
783 1661 889 1724 εἰπεῖν
917 1652 1033 1724 αὐτόν.
1080 1654 1098 1744 η
1133 1655 1197 1744 γάρ
1229 1656 1287 1725 διὰ
1316 1661 1387 1744 τῆς

214 1763 389 1852 φάρυγγος
421 1765 650 1852 ἐκπεμπομένη
687 1763 785 1852 φωνὴ
819 1770 855 1832 ἐκ
892 1763 985 1844 τινός
1016 1791 1050 1832 τε
1088 1763 1143 1832 καί
1180 1762 1246 1833 ὑπό
1283 1792 1386 1846 τινος

214 1873 424 1960 ἐκπέμπεται·
448 1877 483 1941 ix
506 1899 599 1952 τινος
621 1871 684 1959 μὲν
707 1869 753 1952 ὡς
776 1869 915 1959 άγγειόυ
937 1874 1164 1959 περιέχοντος,
1193 1869 1259 1940 ὑπό
1282 1899 1385 1954 τινος

174 2007 200 2048 ιε
215 1979 252 2048 δὲ
275 1977 321 2060 ὦς
345 1978 520 2068 δυνάμεως
541 1979 702 2068 κινούσης
724 1981 761 2049 τὸ
786 1981 954 2066 περιέχον·
982 1978 1093 2066 ὥσπερ
1121 1976 1234 2067 άμέλει
1257 1981 1313 2048 καί
1336 1981 1381 2050 τὸ

147 2077 322 2176 modone
350 2089 512 2176 ἐξέρχεται
540 2087 603 2176 μὲν
636 2087 693 2157 ort
726 2093 787 2158 τοῦ
816 2093 966 2174 ειίὸοίου,
1000 2089 1196 2176 ἐκπέμπεται
1230 2087 1267 2156 di
1302 2089 1307 2178 Ι
1343 2091 1383 2172 ἐξ

213 2191 352 2283 άγγειόν
378 2197 459 2284 μίν,
489 2201 548 2284 τῆς
580 2193 818 2285 ὑπερκειμένης
843 2195 1004 2282 κύστεως,
1036 2193 1101 2264 ὑπὸ
1134 2194 1310 2283 δυνάμεως
1338 2197 1382 2266 δὲ

249 2409 522 2483 4πανουργημένον
541 2411 571 2466 Μ
594 2411 899 2483 πεπανουργημένοοῐι
925 2412 1201 2482 πεπανουργημένον
1224 2415 1258 2468 L
1283 2443 1317 2454 -
1343 2411 1380 2470 a·

213 2479 319 2554 ταάτης
340 2485 420 2540 codd.
444 2485 520 2551 edd,
549 2501 585 2539 an
612 2481 659 2539 ἐπὶ
683 2481 805 2554 aeduae?
829 2515 859 2527 -
888 2481 1044 2550 λέλπίζων
1067 2485 1148 2539 codd.
1172 2485 1236 2542 edd.
1259 2479 1380 2553 ἐλπίζον

212 2573 272 2614 noa.
292 2587 327 2598 -
346 2551 571 2626 άποδράσασθοιι
590 2556 628 2612 M.
648 2587 681 2598 -
702 2563 718 2614 8
738 2562 881 2628 λογισμοῖς
899 2555 921 2611 L
942 2552 1037 2626 λόγοις
1055 2556 1122 2612 MA.
1141 2587 1176 2598 -·

213 2740 497 2810 accommodatum
521 2743 585 2826 est,
613 2740 772 2806 excidisse
801 2739 890 2824 dico,
919 2738 974 2804 sed
1003 2740 1104 2806 etiam
1133 2761 1150 2804 e
1175 2739 1317 2836 secundo
1342 2747 1378 2808 et

212 2851 313 2916 tertio
337 2853 370 2916 et
397 2848 521 2916 versari
544 2848 579 2914 in
606 2853 724 2934 quarto
752 2870 870 2936 genere
894 2849 1096 2914 sumtionum
1118 2848 1377 2934 sophisticarmn

212 2957 320 3044 figura
342 2957 483 3042 quadam
512 2955 640 3023 dicendi
670 2957 853 3024 involutam
886 2960 920 3022 et
947 2956 1064 3024 callide
1092 2957 1304 3043 captioseque
1333 2959 1377 3025 ad

214 3065 466 3152 ambiguitatem
490 3065 718 3132 concirmatam
742 3088 801 3151 spe
824 3064 1034 3132 refutationis
1059 3063 1245 3131 cludendae.
1285 3064 1376 3132 Nam

212 3171 294 3239 iilud
318 3171 359 3238 ‘si
381 3166 445 3238 ιἰπὸ
471 3169 669 3258 ἐγκεφάλου,
691 3174 713 3240 i.
737 3196 754 3238 e
778 3175 817 3240 de
841 3173 975 3240 cerebro
997 3172 1203 3258 procederet,
1224 3193 1292 3239 non
1316 3195 1377 3258 per

213 3261 364 3365 asperam
397 3281 553 3346 arteriam
587 3280 797 3366 procederet'
839 3281 1123 3368 Praepositionem
1155 3273 1221 3344 άπό
1254 3280 1376 3348 vitiose

213 3387 401 3474 appositam
424 3387 533 3454 habet.
579 3387 672 3456 Duae
701 3390 790 3456 enim
818 3411 892 3456 cum
921 3389 989 3454 sint
1016 3388 1051 3454 in
1077 3387 1176 3454 istius
1204 3387 1294 3454 modi
1322 3411 1375 3456 ra·

213 3495 359 3564 tionibus
383 3495 648 3582 Praepositiones
677 3499 813 3564 minime
847 3497 1024 3582 ancipites,
1057 3491 1138 3578 ὑπό,
1166 3497 1187 3562 i
1215 3519 1242 3562 e.
1270 3499 1312 3564 ab
1342 3503 1377 3564 et

213 3601 263 3686 ἐξ,
286 3603 308 3670 i.
331 3625 358 3670 e.
386 3625 437 3688 ex,
469 3609 621 3670 neumam
653 3607 785 3690 sumsit,
818 3627 1017 3692 quamquam
1044 3604 1150 3671 dicere
1179 3605 1290 3689 potuit
1316 3613 1376 3672 aut

212 3711 262 3776 ita
294 3709 335 3776 ‘si
369 3733 408 3778 ex
440 3713 573 3778 cerebro
610 3715 813 3798 procederet,
845 3736 913 3780 uon
944 3735 1004 3798 per
1036 3735 1187 3799 asperam
1216 3713 1375 3781 arteriam

213 3817 429 3905 procederet',
452 3825 518 3902 aut,
541 3821 697 3886 siminus
715 3823 870 3907 placebat
892 3821 943 3887 ‘ex
963 3820 1118 3906 cerebro',
1141 3825 1229 3886 certe
1248 3843 1269 3888 a
1287 3844 1375 3889 oere-

214 3927 289 4012 bro,
312 3927 399 4014 quod
422 3931 472 3992 est
498 3921 560 3994 ὑπὸ
589 3929 651 3994 τοῦ
675 3925 874 4012 ἐγκεφάλου,
903 3931 1014 4016 utique
1043 3929 1072 3996 ei
1101 3929 1273 3996 dicendum
1301 3931 1376 3998 fnit

216 4033 307 4112 Quae
337 4035 424 4100 enim
452 4059 510 4120 per
538 4059 689 4120 asperam
719 4039 874 4104 arteriam
904 4038 1068 4104 emittitur
1091 4061 1168 4120 vor,
1197 4059 1236 4104 ex
1262 4039 1374 4126 aliquo

214 4147 247 4208 et
270 4143 313 4208 ab
336 4143 447 4229 aliquo
476 4145 653 4228 emittitur,
683 4167 721 4210 ex
745 4144 855 4230 aliquo
879 4147 969 4212 uelut
996 4169 1073 4211 vase
1104 4147 1302 4230 continente,
1330 4148 1374 4214 ab

213 4249 325 4336 aliquo
347 4251 434 4315 velut
458 4251 616 4318 facultate
640 4252 811 4318 continens
835 4260 996 4320 movente.
1042 4253 1088 4320 L't
1111 4253 1260 4341 exemplo
1285 4259 1377 4323 utar:

214 4357 310 4426 urina
342 4359 509 4444 egreditur
538 4381 596 4444 per
628 4383 758 4446 penem,
789 4361 952 4428 emittitur
979 4367 1090 4428 autem
1124 4383 1142 4426 o
1174 4384 1267 4446 vase,
1297 4364 1319 4430 i.
1347 4387 1375 4430 a
