2976 5028
629 299 785 368 -eoa
830 284 885 348 -‘

107 476 165 534 390
174 459 374 548 φιλοσόφων
394 461 399 549 Ι
419 457 615 548 ὁμολόγημα
635 458 764 545 κοινόν,
788 456 830 528 οὐ
852 465 1050 547 Χρυσίππου
1073 459 1185 546 μόνον
1209 457 1228 548 ἢ
1249 458 1336 549 Ἀρι-

175 569 350 648 στοτέλους
381 564 402 656 ἢ
436 566 635 652 Πλάτωνος,
668 564 977 654 ἀποκρινάσθωσαν
1015 565 1112 655 ἡμῖν,
1151 566 1221 655 ἥτις
1252 573 1337 636 ποτέ

175 677 267 744 ἐστιν
293 681 384 744 αίτία
410 679 469 766 της
496 673 579 744 κατὰ
606 675 700 760 πάθη
734 674 904 763 κινήσεως.
950 671 994 744 οὐ
1021 674 1087 764 γίιρ
1115 674 1157 764 δίη
1187 673 1205 744 ὁ
1234 675 1338 764 λόγος

173 809 213 870 με
235 787 301 852 νῦν
323 781 459 873 ἡγεμὼν
481 780 561 852 οὐδὲ
590 793 696 862 αίτιος
728 778 844 863 αὐτοῖς
873 779 1029 870 ὑπάρχει,
1058 783 1213 870 καθάπερ
1236 789 1274 852 ἐν
1298 811 1334 852 τε

141 905 245 972 ὐτοῖς
262 888 475 981 ἁμαρτήμασι
498 893 553 960 καὶ
572 888 844 978 κατορθώμασιν.
880 885 898 958 ό
923 888 985 978 μὲν
1008 881 1073 958 οὖν
1092 889 1337 970 Ποσειδώνιος,

174 997 222 1080 nis
249 997 308 1085 dv,
342 998 452 1089 οἶμαι,
483 999 714 1086 τεθραμμένος
742 997 779 1065 ἐν
807 1003 990 1086 γεωμετρίᾳ
1023 995 1077 1064 καί
1109 1000 1240 1086 μᾶλλον
1267 1001 1339 1065 τῶν

174 1105 288 1176 ἄλλων
310 1110 473 1177 Στωϊκῶν
501 1103 713 1186 ἀποδείξεσιν
739 1105 878 1172 ἕπεσθαι
902 1103 1177 1192 συνειθισμένος,
1207 1101 1338 1192 ᾐδέσθη

174 1213 239 1302 ἑόν
260 1241 295 1284 τε
318 1213 403 1304 πρὸς
425 1213 465 1282 τὰ
485 1217 601 1300 σαφῶς
618 1211 810 1299 φαινόμενα
833 1211 945 1300 μάχην
966 1212 1022 1280 καὶ
1041 1209 1104 1300 τὴν
1122 1208 1230 1280 αὐτοῦ
1251 1211 1341 1298 πρὸς

175 1317 282 1390 αὑτὸν
305 1323 560 1408 ίναντιοὶογίαν
581 1323 643 1390 τοῦ
667 1327 866 1408 Χρυσίππου
892 1320 947 1388 καί
976 1321 1128 1406 πειρᾶται
1152 1317 1197 1406 μίη
1227 1317 1341 1406 μόνον

137 1453 162 1490 ¹⁰
176 1429 298 1498 ἑαυτὸν
329 1444 401 1510 τοῖς
431 1437 680 1512 Πλατωνικοῖς,
717 1423 802 1495 ἀλλὰ
841 1427 895 1494 καὶ
927 1427 989 1495 τὸν
1023 1428 1159 1496 Κιττιεά
1193 1426 1340 1514 Ζήνωνα

175 1537 388 1626 reponebam
407 1541 444 1606 οί
468 1536 505 1604 δὲ
533 1534 627 1604 ἄλλοι
657 1534 803 1603 Στωϊκοί
832 1533 955 1621 σχεδὸν
986 1533 1130 1616 ἅπαντες
1162 1532 1225 1604 οὐκ
1257 1533 1339 1603 uida

176 1642 268 1725 ὅπως
289 1645 429 1714 ἕπεσθαι
458 1646 588 1732 μᾶλλον
611 1637 662 1722 οἷς
690 1641 818 1729 ἐσφάλη
843 1641 1040 1730 Χρύσιππος
1063 1639 1292 1732 ὑπομένουσιν
1319 1639 1339 1730 'l

175 1747 320 1840 τάληθὲς
342 1755 524 1838 αίρεϊσθαι.

267 1859 335 1928 Καὶ
359 1862 395 1928 οἵ
419 1885 457 1947 με
482 1862 545 1927 νῦν
567 1855 681 1926 αὐτῶν
704 1857 915 1940 terogonam
945 1859 1219 1946 πυνθανομένων
1243 1855 1341 1946 ἡμῶν

148 1965 348 2052 εὲκόστοτε,
378 1973 455 2035 τίνα
482 1966 560 2036 ποτὲ
589 1964 651 2053 χρη
679 1973 835 2033 τίθεσθαι
866 1964 929 2051 την
956 1969 1068 2034 αίτίαν
1094 1969 1153 2052 τῆς
1180 1967 1262 2034 κατὰ
1295 1965 1340 2032 τί(

175 2073 271 2160 πάθη
298 2073 474 2160 κινήσεως,
501 2072 574 2142 ἅνω
601 2073 663 2161 μὲν
690 2072 745 2140 καὶ
773 2075 861 2140 κάτω
890 2069 969 2150 τοὺς
992 2071 1115 2158 λόγους
1138 2075 1339 2144 ἑλίττουσιν.

176 2177 389 2268 ἀποσαφοῦσι
421 2183 458 2250 dl
491 2179 610 2266 οὐδέν,
641 2178 725 2249 ἀλλὰ
764 2181 871 2248 ίυιότε
910 2179 973 2266 μὲν
1006 2178 1069 2248 τὸν
1102 2177 1340 2269 ἡμαρτημένον

212 2367 229 2417 8
248 2355 341 2430 αὐτὴν
360 2361 441 2417 codd.
460 2361 523 2416 edd.
543 2355 634 2416 αίτοίι
654 2377 718 2424 nos;
737 2357 773 2414 ei.
793 2357 878 2414 Proll.
898 2376 925 2429 ρ.
940 2363 983 2417 97.
1005 2390 1036 2399 -
1059 2365 1092 2414 lt
1111 2357 1340 2432 ιιιθανομίυων

107 2469 111 2474 -
176 2431 214 2488 M.
234 2464 268 2473 —
289 2440 322 2490 16
342 2430 499 2490 itr'trouorr
518 2431 554 2487 bl.
576 2464 609 2474 -

177 2615 214 2680 fit
238 2619 336 2702 atque
359 2614 413 2681 bie
438 2619 488 2680 est
507 2615 652 2680 omniurn
678 2613 744 2678 fere
764 2612 1037 2699 pbilosophorum
1056 2614 1238 2679 communis
1261 2635 1341 2682 con·

176 2743 305 2806 sensus,
332 2744 399 2788 nou
429 2719 608 2808 Chrysippi
636 2725 766 2786 tuntum
795 2726 854 2786 urit
875 2719 1067 2788 Aristotelis
1099 2726 1157 2787 aut
1179 2719 1341 2797 Platonis,

176 2829 396 2913 respondeant
419 2829 532 2912 nobis,
562 2851 722 2914 quaenam
746 2831 791 2892 sit
813 2851 913 2894 causa
936 2828 1092 2896 motionis
1116 2828 1339 2914 perturbatio·

176 2957 265 3000 num.
313 2935 427 3022 Neque
458 2937 559 3018 enirn,
589 2940 626 3000 ut
653 2936 688 3002 in
715 2936 859 3022 peccetis
888 2941 922 3000 et
951 2941 1038 3002 recte
1065 2935 1178 3020 laetis,
1205 2936 1253 3001 ita
1282 2935 1338 3000 bie

178 3043 330 3128 princeps
354 3048 387 3109 et
410 3067 510 3110 errrrsa
535 3045 575 3108 iis
600 3044 702 3108 videri
726 3044 812 3108 ratio
831 3049 950 3129 potest
992 3043 1108 3130 Itaque
1132 3043 1339 3126 Posidonius,

178 3151 292 3233 utpote
315 3151 370 3235 qui
396 3151 437 3216 ab
463 3153 593 3217 ineunte
622 3155 745 3234 aemte,
768 3151 900 3236 opinor,
924 3153 958 3217 in
982 3153 1165 3237 geometria
1188 3157 1339 3216 renatus

132 3323 137 3330 ,
178 3257 349 3344 magisque
372 3281 469 3344 quem
495 3260 594 3324 ceteri
618 3257 723 3324 Stoici
750 3258 1047 3326 demonstrationes
1071 3259 1161 3344 sequi
1186 3265 1338 3324 assuetus

177 3367 277 3447 esset,
311 3365 441 3432 erubuit
469 3369 583 3432 contro
611 3365 775 3431 evidentia
802 3369 900 3452 atque
928 3373 1045 3452 aperta
1075 3371 1202 3432 certare
1230 3371 1340 3450 utque,

176 3475 214 3535 ut
244 3467 464 3558 Chrysippus,
496 3474 561 3539 sibi
599 3473 662 3558 ipsi
696 3475 863 3540 contrario
898 3473 1006 3540 dicere
1038 3481 1238 3560 conaturque
1270 3495 1339 3540 non

176 3583 306 3644 tentum
330 3603 374 3663 ee,
398 3582 455 3646 sed
473 3581 637 3646 Zenonem
661 3581 761 3646 ctiam
781 3581 939 3648 Cittieum
963 3604 1037 3648 curn
1057 3581 1239 3648 Platonicis
1262 3603 1338 3646 eon-

177 3685 302 3773 ciliare3
321 3688 438 3774 reliqui
459 3693 567 3754 autern
584 3687 685 3754 Stoici
706 3689 773 3754 iere
792 3711 906 3756 omnes
924 3691 1035 3765 neseio
1055 3689 1218 3776 quomodo
1233 3687 1337 3774 (itu,-

176 3795 264 3880 sippi
289 3819 415 3862 errores
439 3797 530 3882 sequi
555 3819 651 3883 quum
676 3819 787 3863 return
812 3797 933 3884 eligere
957 3798 1153 3864 maluerunt.

267 3903 375 3989 Atque
408 3905 523 3990 etiam,
553 3905 609 3990 qui
643 3927 680 3970 ex
715 3905 783 3970 illis
816 3927 901 3972 nunc
933 3905 1134 3972 nobilissimi
1166 3905 1341 3980 habentur,

176 4009 353 4078 identidem
376 4013 472 4080 nobis
497 4012 751 4098 sciscitantibus,
775 4035 873 4100 quam
897 4013 1030 4078 tandem
1054 4035 1188 4078 eausam
1211 4019 1339 4098 pertur-

175 4119 347 4186 bationum
376 4125 484 4186 motus
513 4121 696 4206 ponendam
727 4123 942 4205 arbitrentur,
975 4121 1062 4187 ultro
1091 4122 1238 4207 citroque
1265 4143 1340 4186 ora·

176 4228 301 4294 tionem
334 4235 486 4314 torquent
520 4251 557 4294 nc
597 4229 745 4314 flectunt,
784 4229 868 4296 nibil
901 4233 1013 4294 tamen
1052 4229 1244 4314 explanant,
1281 4229 1340 4294 sed

177 4335 341 4406 interdum
381 4343 543 4402 errnutenr
581 4337 740 4403 rationem
778 4343 811 4402 et
848 4336 966 4402 falsato
1004 4337 1192 4422 opinione-ru
1230 4341 1340 4402 motus
