3022 5038
691 292 925 357 ..520-

221 433 302 542 irrep
330 451 447 540 ὀλίγον
475 457 668 540 ἔμπροσθεν
701 453 877 520 ἐδείκνυον
904 447 1012 537 ἀρχὴν
1045 447 1131 518 εἶναι
1164 454 1226 520 τοῦ
1259 453 1381 534 φατοί.

220 567 280 630 καί
299 589 357 650 μοι
382 567 477 629 δοκεῖ
498 561 553 628 καὶ
577 556 834 646 ὁἸιτκοκριίτης
862 561 1024 627 ἐντεῦθεν
1046 560 1098 626 εἀἶ
1122 558 1162 626 τὰ
1194 562 1260 650 ζῶα
1282 585 1380 646 μετα-

222 669 338 756 φέρων
369 667 520 754 τοῦνομα
553 670 689 754 ῥίζωσιν
721 669 889 754 είρηκίναι
922 669 990 734 τῶν
1022 665 1086 753 μὲν
1116 663 1287 752 ἀρτηριῶν
1318 663 1382 752 την

194 779 382 862 ικαρδιάν,
408 779 477 842 τῶν
505 773 541 842 di
570 777 706 860 φλεβῶν
732 772 770 842 τὸ
801 766 897 862 ἧπαρ.
942 771 988 854 ὥς
1016 772 1080 860 γὰρ
1108 769 1173 841 cirri
1202 777 1261 860 της
1288 773 1383 858 ῥιζώ-

155 903 307 962 ser-:orme
332 886 401 950 τῶν
428 886 546 968 φυτῶν
575 885 579 970 l
607 886 645 950 αί
673 885 757 970 ῥίζαι
786 881 848 969 μὲν
875 881 980 966 κάτω,
1007 879 1045 948 τὸ
1070 879 1107 948 di
1135 881 1288 966 στέλεχος
1310 879 1383 948 ἅνω

223 988 356 1076 φύεται,
378 988 461 1057 κατὰ
485 989 546 1057 τὸν
569 985 675 1058 αὐτὸν
698 989 825 1075 τρόπον
848 991 884 1056 ἐκ
906 989 969 1076 μὲν
991 993 1050 1077 τῆς
1068 993 1209 1074 rapotae
1234 986 1253 1074 ἦ
1277 1015 1310 1056 τε
1335 994 1385 1068 εἰς

221 1097 283 1167 τὸν
305 1095 480 1186 πνεύμονα
504 1098 557 1164 καὶ
588 1093 607 1184 ἡ
632 1101 679 1176 είς
702 1095 785 1164 ὅλον
807 1095 844 1166 τὸ
871 1101 970 1188 ζῷον,
999 1099 1035 1165 ἐκ
1059 1095 1094 1164 dl
1124 1099 1186 1164 τοῦ
1215 1093 1339 1182 ἥπατος
1365 1095 1384 1182 ii

222 1195 257 1274 τε
281 1197 339 1284 ἐίς
369 1203 409 1273 rie
439 1203 522 1272 κατὰ
554 1203 618 1292 τὴν
650 1205 793 1292 γαστέρα
826 1205 881 1272 καὶ
915 1202 932 1290 η
966 1208 1014 1284 είς
1042 1203 1080 1272 τὸ
1109 1202 1246 1290 σύμπαν
1278 1206 1384 1289 σῶμα.

223 1313 328 1398 ῥίζαις
350 1311 413 1398 μὲν
436 1303 499 1380 οὖν
523 1313 672 1380 ἐοίκασιν
690 1317 729 1380 αί
754 1316 801 1391 είς
824 1311 886 1399 την
908 1311 1052 1398 γαστέρα
1070 1309 1281 1396 καθήκουσαι
1305 1311 1384 1395 φλέ-

185 1449 210 1486 m
223 1425 296 1506 βες,
318 1417 365 1500 ὡς
386 1421 439 1487 καί
465 1423 564 1488 τοῦτο
588 1415 691 1499 αὐτὸς
708 1417 928 1506 Ἱπποκράτης
955 1421 1057 1500 ἔὸειξε
1081 1418 1233 1507 φάμενος
1256 1416 1385 1504 εὥσπερ

224 1541 311 1594 τοῖσι
336 1527 507 1613 ὁὲνὸροισι
540 1524 557 1613 ἡ
587 1529 649 1613 γῆ,
674 1525 762 1595 οὕτω
790 1542 877 1595 τοῖσι
907 1525 1015 1619 ζῴοισι
1049 1525 1067 1614 η
1097 1526 1252 1613 γαστηρ’,
1280 1524 1317 1594 τὸ
1346 1526 1386 1594 ὁὶ

226 1629 302 1702 οἷον
328 1634 481 1722 κρίμνον
511 1632 528 1722 ἡ
557 1641 652 1720 κοίλη
681 1635 771 1718 φλίν
800 1635 891 1702 ἐστιν
919 1636 954 1702 ἐκ
982 1635 1045 1722 μὲν
1067 1638 1136 1702 τῶν
1162 1637 1296 1722 κυρτῶν
1323 1639 1389 1702 τοῦ

229 1739 350 1828 ἥπατος
374 1741 590 1828 ε’κιιεφνκυῖα,
613 1743 782 1828 φερομίνη
807 1741 843 1810 di
868 1743 905 1810 ἐκ
927 1745 989 1810 τοῦ
1013 1739 1136 1829 ἥπατος
1159 1739 1276 1809 εὐθεῖα
1300 1739 1390 1828 πρὸς

227 1847 364 1935 ἑκάτερα
387 1853 449 1918 τοῦ
473 1849 560 1940 ζῴου
582 1847 622 1916 τὰ
645 1851 740 1938 μέρη,
763 1847 801 1916 τό
826 1875 860 1917 τε
879 1847 950 1916 ἅνω
975 1851 1028 1916 κισ
1053 1849 1090 1917 τὸ
1110 1847 1209 1916 κάτω.
1247 1845 1389 1935 εὐρύτα-

188 1983 212 2024 rs
226 1984 287 2024 rou
309 1955 372 2045 piu
395 1947 459 2024 οὖν
482 1953 585 2044 αὐτῆς
608 1957 676 2025 ἐστι
700 1955 737 2025 τὸ
762 1955 850 2025 κάτω
873 1961 936 2024 τοῦ
961 1955 1091 2046 ἥπατος,
1118 1947 1217 2043 ἧττον
1240 1957 1277 2026 dl
1301 1954 1391 2044 εὐρὺ

264 2235 281 2284 8
300 2227 342 2290 είς
361 2223 413 2296 τὴν
432 2226 512 2283 codd.
528 2225 591 2282 edd.
611 2225 652 2288 είς
666 2221 701 2280 rri
722 2243 780 2280 nos.
801 2257 833 2265 —-
855 2221 907 2294 τὴν
926 2225 1049 2294 γαστέρα
1064 2221 1245 2294 καθήκουσαι
1266 2228 1390 2294 omissis,

228 2316 301 2370 quae
320 2299 468 2354 interiectu
488 2303 563 2362 suut,
582 2299 675 2352 uerbis
690 2299 727 2351 ll.
748 2329 780 2337 —
801 2299 849 2350 aul
869 2297 909 2358 είς
928 2299 1008 2351 could.
1029 2297 1091 2351 cdd.
1111 2298 1159 2350 καὶ
1181 2293 1196 2366 ἡ
1218 2298 1259 2360 είς
1276 2317 1337 2354 nos.
1352 2329 1390 2342 -·

228 2377 245 2426 9
265 2368 339 2440 (iiim
359 2371 438 2426 codd.
458 2370 521 2424 edd.
540 2367 633 2436 ᾇίζαις
652 2387 710 2424 uos.
730 2401 765 2410 -
788 2377 819 2422 lu
838 2369 888 2422 roi·
902 2365 1005 2430 ταντός
1025 2385 1074 2437 pro
1095 2369 1178 2422 τοῦτο
1197 2365 1286 2432 αιῖιός
1301 2371 1337 2426 ll.
1354 2403 1390 2412 -

229 2443 417 2513 Hippocrates
440 2442 476 2496 de
500 2443 609 2495 humor.
634 2441 699 2507 (rol.
724 2441 748 2502 l.
772 2459 799 2510 p.
823 2448 871 2494 reu
896 2441 938 2495 ed.
960 2441 1067 2494 liuelru.
1087 2441 1152 2495 ruol.
1175 2443 1197 2499 l.
1222 2461 1247 2512 p,
1268 2449 1319 2496 1326
1344 2444 1391 2498 cd.

229 2515 328 2584 Erm.);
348 2513 447 2568 (talen.
466 2525 616 2568 comment.
638 2513 691 2566 rol.
712 2511 785 2578 Xl't,
806 2531 831 2581 p.
846 2519 906 2566 oto.
930 2543 962 2552 —
981 2507 1019 2574 ὦς
1037 2507 1091 2580 γὰρ
1110 2513 1191 2566 codd.
1211 2511 1274 2568 edd.
1293 2507 1392 2582 ὥσπερ

230 2603 289 2640 nos.
308 2615 342 2626 -
368 2593 399 2640 11
425 2590 483 2648 τοίς
501 2584 632 2652 δένδροις
650 2584 729 2639 codd.
750 2583 813 2639 edd.
839 2591 908 2638 τοῖσι
932 2583 1076 2652 δένὸροισι
1095 2601 1154 2640 uos.
1175 2615 1206 2626 ·-
1228 2593 1286 2648 τοῖς
1305 2581 1391 2652 ζώοις

229 2655 310 2714 codd.
330 2656 392 2712 edd.
413 2663 483 2711 τοῖσι
502 2651 596 2730 ζῴοισι
616 2671 674 2710 nos.
695 2687 727 2696 —

229 2825 444 2834 ———-—-.—-

231 2930 385 3016 stirpium
404 2927 565 3014 originem
590 2949 660 2992 esse
683 2928 915 2994 demonstrari.
953 2929 1061 3014 Atque
1085 2929 1186 2994 etiam
1206 2927 1391 3017 Hippocra-

231 3045 281 3112 tes
305 3038 376 3122 ipse
400 3036 482 3100 milri
511 3035 639 3100 uidetur
667 3035 743 3100 hinc
768 3036 808 3099 ad
833 3037 988 3102 animalia
1017 3035 1079 3104 hoo
1102 3059 1222 3103 nomeu
1245 3043 1391 3106 transtu·

231 3145 324 3229 lisse,
352 3165 440 3228 oum,
468 3144 553 3209 sicut
577 3142 773 3208 arteriarum
797 3165 866 3228 cor,
893 3143 941 3208 ita
970 3165 1124 3211 venarum
1151 3145 1241 3212 iecur
1263 3147 1390 3213 radica·

232 3239 356 3320 tionem
380 3273 450 3316 csse
475 3251 530 3316 ait.
567 3250 653 3316 Nam
677 3251 949 3336 quemadmodum
970 3274 987 3316 e
1010 3253 1165 3338 stirpium
1188 3253 1391 3321 radicatione

232 3360 359 3426 radices
387 3358 539 3424 deorsum
573 3364 715 3444 aguntur·
743 3365 774 3424 ct
804 3363 937 3424 trrmcus
969 3381 1098 3426 sursum
1126 3363 1245 3445 oritur,
1276 3362 1391 3430 eodem

233 3467 330 3534 modo
354 3489 371 3532 ο
395 3467 492 3532 corde
516 3466 669 3550 arteriae,
698 3468 801 3531 altera
825 3469 860 3532 in
883 3467 1069 3554 pulmones,
1096 3467 1202 3534 altera
1224 3470 1260 3536 in
1283 3473 1391 3536 totum

233 3595 351 3659 corpus
380 3574 547 3660 animalis,
574 3575 820 3661 disperguntur,
853 3597 870 3639 e
898 3575 1005 3640 iecore
1035 3575 1114 3641 item
1143 3598 1258 3662 renue,
1286 3579 1391 3643 altera

233 3681 269 3747 in
292 3683 415 3748 uentris
439 3689 559 3767 partes,
583 3681 688 3746 altera
711 3683 744 3748 in
770 3704 886 3767 corpus
911 3685 1107 3748 rmiversum.
1144 3685 1253 3770 Atque
1276 3683 1393 3750 radici·

234 3789 295 3854 bus
319 3790 443 3854 similes
468 3795 543 3854 suut
567 3811 682 3874 senae,
705 3812 787 3875 quae
811 3791 852 3856 ad
878 3795 1022 3856 ventrem
1047 3792 1226 3876 pertinent,
1250 3791 1334 3858 sicut
1359 3806 1392 3858 et

233 3895 297 3962 hoo
316 3897 535 3982 Hippocrates
560 3897 629 3981 ipse
649 3897 802 3980 declarat,
826 3921 900 3964 cum
923 3898 1004 3962 uicit
1026 3897 1083 3964 ‘Ut
1104 3899 1276 3966 arboribus
1297 3903 1394 3983 terra

234 4003 283 4068 ita
308 4005 505 4070 animalibus
535 4009 649 4070 venter
676 4004 756 4088 est';
785 4007 891 4071 trunci
920 4007 991 4072 rice
1018 4005 1169 4093 fungitur
1192 4029 1272 4074 cara
1303 4031 1394 4091 rena,

235 4133 318 4196 quae
341 4133 379 4176 ex
404 4112 513 4198 gibbis
543 4113 660 4178 iecoris
684 4119 796 4178 exorta
825 4113 860 4178 in
883 4117 1055 4199 utramque
1078 4119 1207 4198 partem
1230 4116 1396 4189 animalis.

237 4219 438 4304 superiorem
459 4225 492 4284 et
514 4221 714 4299 inferiorem,
738 4226 827 4285 reeta
851 4221 1065 4306 protenditur.
1102 4219 1205 4288 (letius
1228 4223 1394 4292 latissima

235 4331 343 4392 esest
362 4349 449 4412 pars,
468 4351 550 4414 quae
571 4329 656 4394 infra
676 4331 764 4394 iecur
783 4335 842 4414 est,
861 4329 968 4394 minus
987 4328 1064 4414 lata,
1082 4351 1166 4416 quae
1183 4353 1243 4416 per
1261 4337 1396 4418 septum
