3024 5022
599 333 847 402 ..407-

130 486 180 560 ι“ιν
202 493 411 581 αίδεσθῆναί
434 491 473 561 τέ
492 519 569 562 τινα
592 492 647 564 καὶ
671 497 876 584 μεταστῆναι
903 494 990 584 πρὸς
1010 494 1051 566 td
1079 499 1215 586 delrio,
1241 527 1300 570 ιια-

130 596 247 686 θάιιερ
275 599 329 668 καί
362 596 380 670 ὁ
406 601 639 682 Ποσειδώνιος
665 603 823 691 έποιήσεν
850 605 1023 686 αίδεσδεῖς
1051 613 1300 697 συναγορεῦσαι

132 710 257 784 ψευδεῖ
272 711 429 796 φανεροῖς
446 708 588 798 δόγματι
610 712 657 804 τῷ
676 712 745 778 τόν
762 707 874 780 ἄλλων
891 717 1067 794 Στωϊκῶν,
1090 719 1127 784 oi'
1147 743 1184 804 γε
1202 719 1298 807 μέχρι

130 813 302 885 τοσούτου
320 823 529 904 φιλονεικίας
548 815 700 907 ἥκουσιν,
717 815 814 905 ὥστε,
833 818 947 909 ἐπειδὴ
964 823 1023 910 τῆς
1041 827 1177 911 λογικῆς
1193 823 1299 894 δυνό-

130 947 224 1010 μεως
245 925 378 1008 ἔφασαν
401 922 488 994 εἶναι
510 923 552 996 τὰ
574 925 682 1014 πόση,
704 941 776 1007 τοῖς
798 923 935 1014 ἀλόγοις
963 927 1058 1020 ζῴοις
1079 927 1126 1020 μή
1148 933 1300 1022 μετέχειν
1318 955 1332 996 r

130 1025 250 1100 αὐτόν
281 1047 486 1122 συγχωρεῖν,
519 1037 555 1102 oi
582 1041 731 1104 πλεῖστοι
765 1033 801 1104 δὲ
835 1031 917 1104 οὐδὲ
948 1049 1019 1116 τοῖς
1049 1042 1214 1126 παιδίοις,
1245 1037 1298 1112 ὅτι

131 1137 265 1226 δηλαδὴ
288 1139 473 1211 καὶταῦτα
496 1138 629 1210 οὐδέπω
657 1141 785 1229 λογικά.
828 1142 866 1212 τὸ
894 1143 958 1232 μέν
986 1135 1051 1214 οὖν
1074 1143 1182 1228 οὕτως
1202 1143 1298 1218 ἄναι-

131 1261 293 1336 σγυντεῖν
318 1246 403 1336 πρὸς
428 1247 470 1318 τὰ
497 1254 601 1319 πᾶσιν
628 1246 824 1338 ἀνδρόπαις
850 1251 1000 1342 ἐναργῶς
1027 1251 1218 1343 φαινόμενα
1240 1277 1299 1328 συ·

130 1359 267 1444 φιστῶν
299 1361 401 1446 ε’ργον
433 1358 518 1444 ἐστί,
553 1355 592 1426 τὸ
625 1357 662 1426 δὲ
690 1357 776 1444 μηδὲ
807 1355 893 1447 ἅπερ
924 1357 1091 1432 ὑπέθεντο
1123 1361 1297 1434 δύνασθαι

131 1463 386 1552 διαφυλάττειν,
409 1461 494 1534 ἀλλὰ
517 1467 654 1535 ἐναντία
672 1465 818 1554 γράφειν
840 1464 956 1547 αὐτοῖς
973 1463 1200 1557 ἀγυμνάστων
1219 1472 1297 1561 περὶ
1311 1495 1338 1536 ιι

130 1571 240 1660 λόγον
263 1569 479 1662 ἀνθρώπων,
507 1567 646 1662 οἷόσπερ
674 1573 729 1642 καὶ
755 1571 773 1643 ὁ
797 1573 1078 1664 θαυμασιώτατος
1100 1577 1298 1666 Κρόνιππος

130 1682 173 1750 έν
194 1679 406 1768 παμπόλλαις
427 1677 616 1771 εὑρίσκεται
638 1687 887 1772 πραγματείαις.
932 1679 1018 1752 ἀλλὰ
1040 1685 1116 1774 περί
1142 1685 1206 1775 μὶν
1226 1691 1297 1758 τόν

128 1787 247 1858 ἄλλων
270 1788 446 1880 ittonae!

224 1895 309 1983 Περὶ
334 1895 370 1964 δὲ
393 1899 463 1966 τῶν
484 1900 544 1985 τῆς
566 1901 675 1986 ψυχῆς
696 1901 836 1982 παθῶν,
863 1895 911 1979 ὥς
932 1885 1006 1968 oria¹
1022 1903 1092 1970 ἔστι
1119 1903 1178 1990 τῆς
1205 1909 1361 1992 tora-m

128 2007 193 2092 πῆς
220 2003 410 2094 δυνάμεως,
439 2001 503 2094 ἤδη
531 2006 595 2092 μέν
617 2031 674 2094 μοι
702 2006 758 2074 καί
786 2003 824 2074 τὸ
848 2005 913 2096 πρὸ
937 2007 1062 2076 τούτου
1082 2009 1335 2097 πεπλίρωταιιε

127 2115 268 2198 βιβλίον
298 2102 349 2180 ὧν
380 2109 483 2192 αότος
514 2109 607 2182 ἄκων
634 2109 807 2202 ὁμολογεῖ,
838 2115 1097 2203 πληρωθίσεται
1125 2115 1162 2185 δὲ
1190 2113 1295 2188 οὐδὲν

128 2209 234 2308 ἦττον
255 2220 433 2290 καὶτοῦτο
460 2217 525 2308 τὴν
546 2217 656 2310 ἀρχὴν
683 2220 825 2290 ἐνδένδε
851 2223 1077 2317 ποιησαμένῳ.
1119 2223 1294 2308 τὸπάθος

170 2427 203 2476 10
222 2413 318 2476 αότῶν
337 2419 419 2475 codd.
438 2417 501 2476 edd.
522 2413 621 2482 αότοίς
634 2435 692 2477 nos.
709 2449 742 2460 -
763 2425 797 2474 13
817 2413 962 2487 έτέραδεν
976 2421 1013 2477 M.
1028 2451 1062 2464 -·
1083 2429 1115 2478 lt
1134 2425 1149 2476 λ
1185 2423 1293 2488 ιστιιι“ς

127 2493 327 2640 1ξΔωλαγιαῆς
355 2489 465 2548 ΒίδιΚ.
491 2522 525 2534 -
554 2497 588 2548 16
609 2485 727 2548 dandos
753 2491 835 2548 eodd
858 2490 922 2549 edd.
953 2487 1032 2548 riam
1051 2495 1118 2562 'noer
1174 2537 1181 2548 .
1260 2441 1291 2554 ii.

127 2787 269 2853 eumque
300 2765 342 2832 ad
379 2765 517 2833 meliora
549 2768 743 2832 revocatura
775 2787 886 2852 spero,
923 2767 957 2832 id
993 2765 1079 2854 quod
1111 2765 1290 2836 Posidonio

126 2877 280 2962 contigit,
304 2875 360 2960 qui
379 2873 509 2940 erubuit
528 2877 711 2940 ceterorum
732 2871 916 2940 Stoicorum
936 2874 1093 2962 placitum
1113 2874 1289 2943 manifesto

125 2984 251 3052 falsum
273 2982 454 3068 defendere,
476 2983 532 3068 qui
556 2965 688 3068 quidem
708 2982 788 3049 adeo
812 2983 1010 3050 contentiosi
1033 2985 1119 3068 sunt,
1141 2985 1187 3068 ut,
1209 3004 1289 3071 qno·

125 3093 220 3162 niam
238 3091 410 3158 rationalis
429 3089 599 3156 facultatis
619 3111 690 3156 esse
709 3091 973 3176 perturbationes
991 3090 1153 3176 dixerunt,
1175 3111 1289 3158 earum

126 3203 226 3268 bruta
249 3199 415 3284 animalia,
436 3198 585 3285 plerique
608 3199 708 3266 etiam
732 3198 898 3284 parvulos,
920 3199 1042 3284 quippe
1065 3199 1121 3284 qui
1143 3199 1289 3266 nondum

128 3309 270 3378 rationis
299 3311 468 3394 compotes
497 3307 576 3392 siut,
604 3307 782 3394 participes
810 3327 975 3372 essenon
1005 3305 1193 3372 concedant.
1242 3307 1290 3375 nt

124 3439 206 3484 vero
234 3417 282 3484 itu
308 3415 516 3502 impudenter
542 3413 710 3499 disputare
734 3423 849 3482 contra
873 3435 925 3496 ea,
952 3435 1036 3500 quae
1064 3413 1106 3480 ab
1134 3415 1287 3482 omnibus

124 3524 319 3594 hominibus
347 3523 524 3590 manifesta
553 3525 732 3609 apertaque
755 3521 931 3606 habentur,
959 3521 1197 3608 sophistarum,
1217 3543 1286 3590 non

126 3655 224 3722 prosse
248 3637 357 3698 autem
380 3639 501 3714 tenere,
523 3653 607 3716 quoe
626 3635 877 3716 proposuenmt,
900 3629 957 3694 sed
979 3629 1095 3695 iisdem
1119 3629 1286 3696 adversari

124 3744 162 3810 in
185 3741 317 3826 seriptis
341 3743 392 3804 est
413 3737 584 3806 hominurn
608 3739 641 3804 iu
666 3738 863 3824 disputando
886 3739 1183 3822 inexercitatorum,
1205 3759 1285 3823 qua·

123 3851 169 3918 lis
192 3849 293 3918 etiam
312 3847 530 3935 Chrysippus,
552 3847 609 3912 ille
632 3845 732 3913 homo
756 3847 896 3930 divinus,
918 3846 954 3911 in
971 3845 1084 3912 multis
1108 3843 1284 3912 admodum

122 3959 220 4026 libris
245 3955 506 4044 deprehenditur.
551 3956 600 4021 Ao
624 3953 663 4018 de
688 3953 761 4020 eliis
784 3947 917 4040 quidem'
938 3953 1029 4020 alibi.

215 4065 266 4132 De
289 4065 391 4132 animi
415 4069 524 4130 autern
549 4061 862 4148 perturbationibus,
884 4061 970 4148 quod
990 4060 1161 4128 rationulis
1179 4058 1284 4126 facul·

121 4175 205 4242 tatis
227 4195 294 4240 nou
318 4171 399 4256 sint,
427 4171 578 4258 superior
604 4169 735 4258 quidem
762 4157 958 4236 libertatus
986 4167 1068 4236 mibi
1092 4171 1282 4234 consumtus

121 4285 176 4348 ert
198 4281 232 4348 in
256 4279 308 4364 iis,
331 4301 414 4366 qnae
437 4281 507 4366 ipse
525 4279 649 4346 inritus
668 4281 851 4362 confitetur,
873 4277 978 4344 nihilo
1002 4275 1107 4344 serius
1130 4273 1184 4340 bic
1203 4297 1282 4362 quo·

119 4411 187 4480 qne
224 4391 436 4456 consumetur
471 4387 635 4476 principio
676 4387 752 4456 binc
788 4387 939 4474 repetito.
996 4383 1281 4452 Peranbetionem
