2976 5028
677 329 924 398 -326—

217 489 280 562 τὸν
301 487 553 579 αὐτὸντρόπον
575 487 593 558 ὁ
614 489 806 577 ἐγκέφαλος,
828 487 968 560 ἐπειδάν
986 487 1165 575 προέληται
1188 491 1251 557 τοῦ
1273 513 1392 577 περιε·

218 599 365 688 χομὲνου
387 598 470 668 κατὰ
493 597 553 680 τὰς
575 599 698 668 ἑαυτοῦ
720 603 849 677 κοιλίας
870 595 1069 684 πνεύματος,
1092 591 1110 664 ὃ
1136 593 1178 683 θη
1202 597 1259 664 καὶ
1283 609 1392 684 τροχι-

217 705 282 776 κὸν
304 703 523 796 ὀνομάζομεν,
546 707 726 794 ἐπιπέμψαι
750 705 816 773 τινὶ
840 711 964 796 μορίῳ,
992 701 1055 792 τὴν
1078 706 1126 783 είς
1149 707 1248 772 τοῦτο
1269 704 1390 792 ἐπιτή-

219 817 315 884 δειον
349 820 486 902 κίνησιν
526 814 680 902 κινηθείς
716 809 824 892 οὕτως
862 811 1044 900 ἐπιπέμπει.
1100 812 1231 897 γε’νεσις
1265 810 1303 881 dl
1335 817 1391 906 τῷ

191 919 382 1009 επνεύματι
413 925 499 1014 τῷδε
531 925 576 1014 τῷ
609 919 692 991 κατά
730 919 789 1000 τάς
821 925 951 1002 κοιλίας
982 916 1089 988 αὐτοῦ
1120 918 1204 1007 τάχα
1236 920 1302 1008 μέν
1336 949 1394 1002 τις

219 1024 316 1118 ὀλίγη
344 1031 379 1098 ἐκ
401 1033 470 1098 τῶν
494 1033 541 1110 είς
568 1025 672 1108 αι’·τάς
699 1030 954 1115 περαινομένων
982 1035 1108 1114 γίνεται
1137 1030 1291 1113 φλεβῶν,
1323 1027 1394 1116 τὴν

219 1142 378 1224 πλείστην
407 1136 444 1206 δὲ
472 1137 527 1204 καὶ
555 1135 767 1222 κυριωτάτην
794 1139 832 1203 αι’
852 1133 935 1204 κατά
962 1139 999 1204 τὸ
1024 1133 1232 1214 θιατνοειθὲς
1251 1134 1394 1224 πλέγμα

219 1242 256 1313 τὸ
280 1241 363 1312 κατά
385 1242 449 1331 τὴν
472 1247 533 1314 τοῦ
556 1243 743 1331 ἐγκεφάλου
770 1241 873 1329 βάσιν
900 1238 1054 1330 άριηρίαι
1084 1245 1306 1329 χορηγοῦσιν,
1337 1247 1394 1310 αἴ-

219 1377 308 1432 τινες
330 1347 394 1422 άπὸ
422 1355 481 1440 της
503 1355 644 1437 καρδίας
671 1347 907 1436 ἀναφέρονται.
953 1347 1055 1436 ὥστε,
1087 1359 1121 1418 εί
1147 1377 1197 1430 τις
1223 1348 1394 1436 βούλοιτο

179 1473 290 1540 rorate
320 1455 464 1547 άληθέσι
497 1457 681 1528 συνάπτειν
711 1459 774 1527 τὸν
805 1463 936 1547 μῦθον,
968 1460 1006 1525 ἐν
1044 1473 1114 1538 τοῖς
1146 1456 1235 1526 κάτω
1268 1459 1394 1544 με’ρεσι

219 1574 408 1654 κυηθεῖσαν
424 1565 489 1655 τὴν
512 1566 694 1654 φρόνησιν,
717 1567 865 1635 τουτέστι
890 1564 928 1634 τὸ
951 1570 1083 1653 πνεῦμα
1102 1563 1139 1634 τὸ
1166 1565 1325 1651 ψυχικόν,
1351 1566 1394 1634 ε’ν

219 1676 259 1764 τῇ
273 1677 402 1762 κεφαλῇ
425 1673 524 1762 φήσει
549 1678 761 1743 τελειοῦσθαι
785 1675 841 1742 καὶ
865 1672 1008 1760 μάλιστά
1032 1699 1068 1760 γε
1092 1671 1175 1741 κατά
1198 1669 1261 1760 την
1285 1699 1395 1760 κορυ-

218 1780 301 1870 φήν,
324 1779 375 1851 ὅτι
399 1779 482 1850 κατὰ
505 1781 633 1868 ταύτην
651 1782 743 1850 ἐστὶν
767 1779 786 1868 ἡ
810 1783 893 1869 με’ση
912 1781 968 1848 καὶ
991 1779 1178 1869 κυριωτάτη
1202 1781 1271 1848 των
1296 1780 1395 1865 ἐγκε-

219 1887 333 1976 φάλου
355 1892 503 1958 κοιλιῶν.
549 1887 613 1976 ε’γώ
637 1887 700 1978 μὲν
723 1881 803 1974 οὖν,
826 1885 938 1975 ὥσπερ
961 1885 980 1956 ὁ
1004 1887 1153 1957 Πλάτων
1174 1883 1278 1966 αὐτὸς
1302 1884 1395 1965 εἶπε,

180 2019 207 2060 u
221 1993 273 2064 ‘ut
291 1997 440 2066 τοιαῦττί
464 1995 574 2066 πάντα
592 1995 858 2085 μυθολογήματα
882 1993 1002 2077 ’άλλως
1024 1996 1087 2084 μὲν
1106 1997 1264 2082 χαρίεντα
1284 1991 1396 2082 ἡγοῦ-

153 2105 308 2192 κὸτμαι,
340 2111 419 2172 λίαν
448 2103 485 2174 dt
515 2107 632 2174 δεινοῦ
655 2106 709 2173 καί
739 2103 902 2174 ἐπιπόνου
927 2105 932 2192 f
956 2104 1011 2172 καὶ
1040 2099 1082 2172 οὐ
1104 2102 1196 2172 πάνυ
1222 2098 1398 2192 εὐτυχοῦς

258 2335 276 2384 3
298 2332 400 2400 μορίου
424 2329 461 2384 bl.
487 2361 518 2372 -
551 2335 565 2384 ἵ
590 2328 749 2393 θικτοειθλς
772 2329 809 2384 ll.
834 2359 868 2370 -
895 2336 911 2385 8
935 2323 1008 2384 κατὰ
1032 2329 1083 2384 τοῦ
1108 2321 1272 2399 ἐγκεφάλου
1291 2327 1334 2386 M.
1356 2361 1394 2374 —

222 2395 356 2470 άρτηρίας
379 2399 418 2456 M.
442 2433 476 2444 -
503 2409 533 2456 11
559 2395 639 2456 τοῦτ’
660 2399 720 2457 ἔστι
742 2401 822 2457 codd.
847 2401 909 2456 edd.
934 2399 1061 2456 τουτέστι
1079 2417 1139 2456 noa.
1159 2429 1192 2442 ·-
1218 2407 1250 2455 12
1271 2405 1395 2476 κεφαλῇ

247 2469 310 2529 εἴσει
333 2472 394 2528 MA
418 2494 443 2528 κ.
468 2492 539 2542 φασι
565 2473 664 2528 BChK
688 2468 774 2542 φάσει
798 2472 893 2540 Coru.;
917 2473 952 2528 cl.
973 2473 1068 2544 Progr.
1090 2472 1129 2539 11,
1150 2477 1191 2528 17,
1217 2502 1251 2512 -
1281 2480 1316 2528 13
1339 2471 1398 2532 τὸν

223 2494 386 2616 iraeadem·
406 2543 443 2600 ll.
462 2575 497 2588 -
523 2551 556 2601 15
575 2541 609 2600 td
629 2545 749 2600 τοιαῦτα
767 2565 793 2602 κ.
813 2566 836 2599 τ.
855 2548 879 2600 λ.
898 2545 970 2601 Plat.
990 2543 1110 2600 Phaedr.
1133 2563 1162 2616 p.
1180 2549 1232 2600 229
1251 2543 1278 2598 D
1297 2543 1336 2601 E.
1358 2579 1397 2590 -

226 2673 440 2686 -σ--ιι--υιι

224 2753 365 2822 attrahit
387 2759 420 2820 et
443 2775 556 2820 rursus
580 2755 712 2839 emittit,
736 2755 849 2820 eadem
872 2755 1000 2822 ratione
1023 2753 1191 2821 cerebrum
1215 2776 1291 2822 cum
1315 2759 1398 2825 vult

225 2861 388 2949 spiritum,
411 2884 507 2948 quem
532 2861 567 2928 in
590 2863 781 2928 ventriculis
806 2863 874 2928 suis
898 2861 1059 2946 continet,
1087 2883 1184 2948 quem
1207 2861 1398 2934 animalem

225 2969 445 3056 appellamus,
472 2969 507 3036 in
530 2969 713 3036 membrum
742 2969 874 3056 aliquod
899 2969 1136 3052 transmittere,
1160 2970 1208 3035 ita
1229 2969 1329 3046 facit,
1357 2982 1399 3040 ut

225 3077 490 3145 accommodetur
512 3077 588 3144 huic
613 3079 659 3144 rei
683 3079 832 3164 agitatio.
871 3077 1027 3166 Giguitur
1050 3083 1161 3143 autem
1184 3075 1247 3160 hie,
1270 3079 1331 3163 qui
1359 3081 1398 3150 in

225 3185 418 3252 ventriculis
443 3185 512 3250 eius
537 3190 596 3270 est,
620 3185 756 3272 spiritus
780 3188 920 3252 sortasse
944 3207 1046 3270 parra
1069 3185 1209 3270 quadam
1229 3205 1269 3252 ex
1292 3195 1398 3272 parte

227 3315 267 3358 ex
289 3291 341 3376 iis,
364 3315 446 3380 quae
471 3293 511 3358 ad
535 3295 734 3360 ventriculos
758 3295 849 3380 ipsos
873 3295 1050 3380 pertinent,
1077 3293 1182 3378 reuis3
1206 3295 1397 3364 maximum

227 3423 305 3468 vero
338 3423 376 3466 ac
409 3400 621 3486 pureeipuum
655 3409 764 3468 ortum
795 3401 871 3468 huie
905 3401 1045 3468 arteriae
1077 3400 1168 3484 illae,
1200 3423 1284 3487 quae
1316 3425 1399 3490 per-

228 3511 341 3574 meant
367 3508 576 3574 reticularem
607 3509 641 3576 in
673 3509 886 3576 burdameuto
920 3509 1045 3576 cerebri
1079 3509 1178 3576 sitam
1211 3512 1399 3600 texturam,

228 3615 443 3702 suppeditant
476 3639 495 3682 a
531 3617 627 3684 eorde
665 3618 757 3703 ipsae
790 3622 898 3684 ortum
931 3617 1099 3683 habentes.
1159 3615 1282 3694 Quodsi
1316 3621 1398 3706 quis

228 3723 316 3790 reris
339 3723 437 3789 rebus
457 3723 604 3790 fabulum
625 3725 703 3790 uelit
722 3725 980 3808 accommodare,
1002 3725 1037 3790 in
1055 3725 1267 3792 inferioribus
1286 3731 1400 3812 parti·

228 3831 291 3898 bus
314 3835 508 3916 conceptam
532 3832 754 3918 prudentiam,
781 3833 839 3919 qui
862 3837 913 3897 est
940 3833 1076 3917 spiritus
1106 3831 1273 3918 comedis,
1302 3835 1400 3904 dicet

228 3939 263 4006 in
296 3937 623 4024 capite-adolescere
657 3963 694 4006 ac
727 3941 838 4024 perfici
871 3940 1076 4026 maximeque
1107 3939 1194 4006 eirca
1221 3941 1399 4030 verticem,

229 4067 294 4133 qua
316 4045 350 4112 iu
374 4049 467 4130 parte
491 4046 615 4112 medius
645 4047 793 4132 idemque
819 4047 1010 4133 principalis
1039 4047 1162 4114 cerebri
1186 4047 1397 4120 ventriculus

229 4157 289 4220 eat.
335 4153 408 4242 Ego
433 4155 556 4238 tamen,
579 4155 613 4221 id
637 4155 721 4240 quod
747 4155 841 4222 Plato
865 4155 936 4240 ipse
960 4157 1022 4238 ait,
1050 4154 1250 4222 ‘huiusmodi
1273 4179 1398 4228 omnes

229 4261 359 4328 tabidas
390 4261 425 4328 iu
457 4261 573 4328 ceteris
603 4263 733 4349 quidem
761 4267 930 4346 uenustas,
962 4263 1019 4329 sed
1047 4263 1146 4330 nimis
1176 4263 1323 4332 sollertis
1355 4291 1398 4338 ac

231 4367 389 4436 laboriosi
412 4391 472 4435 nec
496 4369 655 4436 federati
680 4369 855 4438 admodum
884 4369 1028 4438 bominis
1052 4369 1204 4440 existimo
1232 4375 1335 4462 atque
1361 4377 1398 4445 id
