3020 5004
680 291 968 411 --ιοο-Δ

222 505 369 575 fecerint.
411 504 538 574 Causae
561 509 671 571 aulem
696 504 836 571 Articuli
859 503 1033 571 omittendi
1057 506 1115 568 aut
1138 497 1272 590 apertis
1297 506 1405 590 suni„

223 616 252 683 si
284 616 335 682 vel
366 613 496 702 syllaba
532 612 709 680 antecessit
739 613 864 700 pariter
900 611 1092 678 simililerve
1131 611 1250 678 cadens
1283 619 1387 700 atquc
1444 667 1447 671 .

222 724 392 792 Articulus
416 725 500 811 ipse,
523 723 611 789 velut
635 711 732 788 αὗται
756 721 807 803 αί,
830 713 1045 799 αὐτῶντῶν,
1068 707 1119 786 v'el
1144 721 1172 786 si
1191 720 1256 788 duo
1274 726 1387 788 tresve

223 832 366 898 Articuli
390 835 623 898 concurrerunt
646 827 973 915 (cf.Pr0gr.ll‚5et
990 827 1023 915 7)
1048 829 1098 894 vel
1122 828 1151 894 si
1175 827 1386 914 Praepositio

222 941 334 1028 aliqua
361 940 535 1006 subsecuta
563 947 627 1024 est,
655 942 712 1005 aul
740 937 774 1004 in
798 937 936 1003 obscuro
960 935 1102 1020 positae,
1132 937 1160 1002 si
1183 937 1275 1004 nulls
1298 939 1386 1004 eius·

152 1120 158 1132 ,
222 1047 312 1115 modi
327 1070 426 1114 causa
441 1047 636 1132 interposita
652 1047 820 1112 Articulus
836 1047 911 1111 ante
926 1040 1186 1129 Substantivum,
1204 1050 1281 1112 ants
1296 1047 1387 1132 quod

222 1156 298 1223 aliis
320 1155 403 1223 locis
427 1155 505 1240 poni
528 1155 626 1236 solet,
649 1154 777 1219 excidit.
819 1153 1025 1236 Quamquam
1049 1151 1167 1218 inliso
1192 1155 1323 1239 quidem
1349 1179 1386 1220 rc

221 1263 332 1330 cautio
355 1263 514 1348 (piacdcm
539 1261 740 1328 emendatori
765 1259 947 1326 adhibenda
973 1265 1036 1342 est,
1059 1261 1214 1346 ηιιοιιίιιιο
1238 1262 1386 1328 Galenus

220 1372 291 1457 ipse
315 1369 519 1456 inponendo
543 1370 764 1436 omittendovs
789 1369 937 1434 Articulo
960 1391 1027 1434 non
1052 1367 1178 1448 eadem,
1206 1391 1271 1454 quc
1296 1375 1387 1434 vete-

220 1501 272 1544 res
296 1478 376 1546 olim
400 1477 533 1562 Graeci,
560 1479 747 1545 constantia
769 1499 847 1542 usus
876 1499 946 1542 esse
968 1475 1104 1541 videtur.
1151 1475 1240 1552 Quae
1269 1477 1386 1544 onmis

221 1585 450 1671 reputantibus
474 1585 569 1650 nobis
599 1586 741 1650 seribere
770 1585 875 1649 visum
900 1589 950 1649 est
978 1607 1007 1668 p.
1032 1585 1096 1649 213
1122 1583 1203 1649 med.
1226 1579 1311 1649 κατὰ
1336 1581 1386 1652 τὰ

219 1695 288 1761 τῶν
317 1692 484 1776 δευτέρων
513 1692 724 1759 ἀναλυτικῶν
752 1695 866 1776 βιβλία
895 1689 949 1778 (ef.
974 1691 1230 1777 P1·0gr.11,4),
1258 1715 1288 1776 p.
1313 1693 1384 1758 400

219 1807 297 1889 post
323 1802 406 1868 med.
434 1796 680 1886 ἁμαρτημάτων
708 1803 786 1866 τῶν
814 1793 884 1865 κατ’
911 1793 1019 1883 αὑτήν
1042 1798 1111 1886 (λι),
1138 1822 1169 1884 p.
1192 1798 1258 1864 006
1282 1822 1313 1884 p.
1336 1800 1385 1866 in.

219 1911 319 1976 τοῦτο
335 1903 416 1975 αι’·τὸ
441 1903 482 1975 τὸ
503 1909 644 1993 πνεῦμα,
665 1933 694 1994 p.
710 1911 774 1974 010
791 1932 820 1993 p.
840 1905 922 1972 med.
941 1909 1098 1972 πλείστου
1116 1907 1186 1972 τοῦ
1204 1888 1384 1990 συνεχοῦς,

219 2041 251 2104 p.
275 2019 341 2084 635
365 2022 444 2082 extr.
466 2015 521 2082 καὶ
546 2012 628 2081 κατά
657 2011 701 2081 τά
730 2017 797 2082 τῶν
826 2010 919 2105 ζῴων
947 2010 1083 2098 στόματα
1111 2011 1180 2100 (καὶ
1204 2010 1287 2079 κατὰ
1310 2015 1385 2081 τῶν

221 2127 245 2204 ζ.
269 2143 298 2192 σ.
317 2124 368 2209 M,
392 2121 446 2191 καὶ
471 2119 510 2190 τά
534 2119 616 2188 κατά
639 2126 707 2189 τῶν
732 2124 865 2206 43171,
889 2120 943 2187 καὶ
968 2116 1008 2188 τά
1031 2123 1099 2188 τῶν
1119 2120 1176 2208 Κ),
1200 2146 1230 2209 p.
1246 2123 1310 2188 057
1335 2123 1383 2192 in.

220 2231 430 2319 ἐκφυομένης
453 2234 520 2318 της
542 2235 698 2318 μεγίστης
721 2229 860 2318 φλεβός,
884 2254 914 2316 p.
929 2231 995 2296 000
1015 2254 1044 2315 p.
1064 2231 1106 2295 in.
1126 2219 1224 2295 ccciccc
1248 2231 1291 2296 αί
1311 2229 1384 2297 τέτ-

219 2364 318 2423 ταρες
344 2335 543 2422 άποὸειξεις,
576 2363 607 2426 p.
632 2341 696 2406 133
721 2365 751 2426 p.
779 2341 822 2406 in.
849 2333 988 2422 τοιαύτη
1017 2336 1114 2423 τέχνη
1148 2333 1165 2423 ή
1197 2337 1384 2426 λογιστική,

220 2473 250 2536 p.
276 2450 338 2516 751
365 2453 430 2514 ant.
456 2451 508 2514 lin.
532 2445 736 2533 λίηνόὸοτος
759 2443 777 2514 ὁ
803 2441 1004 2533 ἐμπειρικός,
1028 2469 1058 2532 p.
1075 2447 1138 2512 700
1163 2471 1193 2532 p.
1216 2449 1299 2513 med.
1323 2449 1382 2516 καὶ

219 2553 350 2624 τούτων
373 2551 486 2621 αὐτῶν
509 2551 551 2621 τὸ
575 2554 730 2639 περιέχον
754 2551 844 2621 εἷναί
864 2580 893 2620 τι
914 2551 1054 2640 φάντων
1072 2551 1325 2639 (περιεχόμενόν
1346 2581 1381 2624 τι.

219 2689 255 2750 φ.
278 2663 510 2752 MABChK),
533 2687 563 2749 p.
587 2665 651 2728 775
675 2665 735 2728 sub
760 2667 813 2729 lin.
836 2657 942 2729 πολλὰ
967 2657 1208 2746 συγγράμματα
1230 2658 1274 2728 τὰ
1299 2676 1382 2733 νευ-

220 2773 287 2850 ὁώς
310 2771 499 2857 λελεγμένα.
523 2809 564 2818 -
590 2770 623 2836 P.
647 2772 711 2836 213
737 2773 797 2836 sub
822 2773 874 2836 lin.
899 2767 1051 2855 νευράὀη
1075 2771 1118 2855 tp
1142 2766 1384 2857 τοῦσώματος

220 2879 294 2968 ι’δέμ
313 2879 383 2967 (L),
404 2903 434 2966 p.
450 2881 514 2946 708
535 2903 565 2964 p.
579 2879 622 2944 iu.
647 2872 769 2944 ὁποῖον
786 2875 849 2964 μὲν
873 2867 936 2944 οὖν
954 2902 984 2942 τι
1009 2873 1050 2943 τὸ
1076 2878 1133 2961 της
1156 2871 1256 2962 ὀλκής
1275 2877 1382 2955 ἐστιν,

220 3011 250 3074 p.
266 2987 330 3054 717
353 2987 395 3053 in.
418 2981 481 3071 τήν
504 2985 574 3052 τοῦ
596 2985 902 3071 περιγενησομένου
924 2983 979 3072 (τά
1002 2983 1115 3071 Progr.
1138 2991 1239 3052 nostr.
1261 2985 1308 3060 ΙΙ,
1333 2989 1384 3076 7),

220 3119 250 3182 p.
277 3097 338 3161 721
364 3095 424 3162 sub
449 3095 501 3159 fin.
525 3089 587 3178 τήν
614 3095 684 3160 τοῦ
711 3090 946 3180 ἀγνοουμένου
969 3088 1158 3178 ὁμοιότητα.
1180 3129 1226 3141 -
1252 3095 1287 3160 P.
1311 3097 1384 3162 470

220 3227 251 3288 p.
275 3204 318 3269 in.
341 3197 425 3268 ἀλλά
454 3199 506 3266 καὶ
537 3214 621 3278 τοῖς
649 3201 721 3284 περὶ
751 3205 812 3268 τοῦ
836 3201 952 3278 τέλους
974 3199 1043 3287 (L),
1068 3224 1098 3286 p.
1124 3201 1186 3266 723
1217 3201 1382 3271 ωειλκαὶ

220 3305 264 3376 τὰ
288 3305 370 3374 κατά
394 3306 501 3394 φύσιν
524 3313 657 3394 ἔχοντα,
682 3333 711 3394 p.
731 3311 794 3375 774
818 3333 848 3395 p.
873 3311 916 3376 in.
940 3321 1118 3374 κοινωνεῖν
1141 3305 1185 3374 τά
1209 3305 1291 3374 κατά
1316 3307 1383 3396 τήν

221 3413 426 3503 ὁιαιρετικήν
450 3411 535 3482 ὁὸόν
557 3413 778 3500 εὑρισκόμενα
802 3417 868 3504 (pli
894 3441 923 3503 p.
944 3419 1007 3483 775
1033 3420 1114 3482 med.
1139 3414 1296 3500 ὁηλονότι
1320 3421 1384 3504 τῆς

221 3522 256 3590 έκ
279 3525 413 3590 τῶν-
438 3519 576 3592 ἀνόὸου.
597 3565 639 3572 -
660 3527 692 3590 P.
716 3527 775 3591 187
798 3525 867 3590 icil.
891 3518 928 3589 τὸ
952 3523 1032 3609 μήτε
1056 3521 1118 3610 τήν
1141 3527 1285 3610 καρδίαν
1308 3530 1383 3594 τοῦ

221 3629 407 3716 ἐγκεφάλου
429 3657 460 3698 τι
484 3639 721 3716 κροσὸεῖσθαι,
749 3657 778 3718 p.
803 3635 869 3697 ’200
896 3632 958 3696 sub
987 3637 1039 3700 lin.
1067 3631 1280 3718 ἐπεδείξαμεν
1307 3631 1383 3720 τήν

220 3733 399 3824 ἀρτηρίαν,
423 3765 454 3826 p.
478 3743 540 3806 ’341
567 3749 647 3806 cxli.
672 3742 768 3806 τοῦτο
794 3737 829 3804 ll
855 3733 872 3806 ὁ
897 3736 1006 3824 λόγος.
1051 3736 1105 3804 καὶ
1134 3735 1152 3806 ὁ
1181 3739 1281 3824 λόγος
1303 3737 1381 3826 ἀρα,

221 3871 251 3933 p.
270 3849 336 3912 470
362 3871 391 3932 p.
416 3849 496 3913 mod.
520 3841 565 3926 ὡς
588 3847 641 3912 καὶ
667 3843 685 3912 5
712 3843 940 3924 [λοσειὸώντος
958 3846 1028 3935 (L),
1052 3873 1082 3934 p.
1104 3851 1170 3914 lsc·
1194 3849 1236 3914 in.
1261 3849 1380 3934 ε’γκρα-

220 3959 310 4031 τείας
335 3949 352 4040 ip
377 3952 505 4038 γένεσις
527 3953 595 4042 (L),
624 3979 653 4040 p.
678 3956 743 4019 575
768 3955 850 4020 mccl.
877 3953 1058 4041 τιθέμενον
1085 3951 1156 4042 τήν
1183 3950 1291 4040 ἀρχήν
1313 3959 1381 4046 (Ρ),

221 4085 252 4147 p.
276 4063 342 4124 050
370 4061 430 4124 sub
461 4061 511 4124 lin.
541 4057 609 4146 τήν
639 4057 770 4144 νεύρων
798 4101 842 4110 -
869 4057 1057 4148 ἀνατομήν,
1087 4086 1116 4147 p.
1142 4064 1207 4129 054
1236 4063 1279 4130 in.
1307 4062 1381 4132 τὸν

221 4167 408 4252 έγκέφαλον
423 4161 526 4244 εἶναι,
550 4191 579 4252 p.
596 4171 659 4232 704
676 4180 751 4233 cclv
768 4170 848 4235 ιιιοά.
868 4167 905 4235 έν
923 4183 987 4236 τοι·
991 4195 1007 4247 ς
1030 4163 1242 4255 άφορισμοῖς,
1267 4198 1296 4258 p.
1313 4175 1380 4242 705

222 4282 301 4342 cxlr.
324 4269 547 4358 κατεχρήσατο
569 4269 586 4338 ὁ
609 4271 702 4350 θεός.
726 4299 756 4360 p.
778 4279 838 4342 731
865 4287 944 4344 exlr.
968 4279 1044 4343 τῶν
1063 4273 1380 4367 ἀμφισβητησίμων,

222 4405 253 4468 p.
277 4383 342 4446 705
366 4381 409 4444 in.
434 4377 471 4443 ἐν
490 4380 534 4472 τῷ
554 4377 696 4469 τετάρτῳ
720 4382 786 4467 της
810 4387 986 4464 Πολιτείας
1004 4383 1245 4478 (ci.l’1'0gr.ll,
1262 4391 1316 4477 10,
1333 4391 1379 4486 7).
