2982 5026
570 312 819 378 -ooo-

91 479 311 541 σκοπεῖσθαι
334 470 388 538 καὶ
408 474 512 539 ταῦτα
536 468 636 559 ἄμφω
656 469 696 538 ric
716 473 781 538 νῦν
800 473 958 558 είρημένα
976 469 1032 538 καλ
1051 469 1135 557 πρὸς
1157 473 1270 538 τοῖσδε

90 585 226 668 τρίτον
245 576 267 666 ἡ
285 577 369 646 κατὰ
387 577 548 666 ποιότητα
566 583 636 647 τῶν
655 583 807 666 συνεχῶν
826 575 1014 664 ἀλλοίωσις,
1038 577 1119 666 ὅπερ
1140 581 1145 668 Ι
1166 581 1337 654 αἰνὴ-619

92 693 233 774 τεσθαί
253 714 311 774 μοι
335 691 498 756 ὸοκοῦσιν
521 691 557 756 οί
578 687 726 775 ὁύναμιν
751 688 899 774 ἐπιρρεῖν
927 715 1003 756 τινα
1030 688 1132 776 χωρίς
1155 683 1273 767 οὐσίας

94 793 306 884 φάσκοντες.
357 797 395 863 αί
421 793 485 882 γαρ
513 791 595 862 κατὰ
624 791 807 863 ἀλλοίωσιν
835 801 883 876 είς
908 795 949 865 ut
983 800 1106 884 συνεχῆ
1134 794 1271 886 σώματα

93 902 282 983 ὁιαὸόσεις
305 905 374 970 τῶν
396 900 586 990 ποιοτήτων
609 904 761 990 ἐπιρροαὶ
791 903 968 992 ὀυνιίμεως
995 901 1060 972 ὑπὸ
1085 900 1197 974 αὐτῶν
1220 905 1298 972 tta

95 1037 244 1100 γονται,
276 1009 445 1096 καθάπερ,
479 1007 561 1080 ὅταν
591 1012 644 1078 ἐπὶ
677 1015 740 1080 τοῦ
771 1013 985 1099 περιέχοντος
1017 1007 1116 1100 ἆέρος
1145 1011 1181 1080 ἐκ
1212 1015 1271 1099 τῆς

93 1118 248 1206 ἡλιακῆς
267 1115 373 1206 αὐγῆς
391 1115 580 1206 ὁρμηθεῖσα
599 1147 649 1200 τις
667 1117 845 1248 ποιότητος
868 1124 915 1199 είς
933 1117 1023 1187 ἅπαν
1042 1117 1148 1188 αὐτοῦ
1171 1121 1272 1208 μέρος

95 1225 290 1316 ἆφικνηιαι
321 1224 490 1312 ὁιιίδοσις,
524 1223 627 1314 αὐτῆς
658 1255 718 1315 της
746 1225 863 1308 ούσιάς
889 1231 952 1297 τοῦ
979 1225 1078 1314 ἡλίου
1104 1227 1272 1362 μενούσης

94 1334 192 1406 κατὰ
212 1335 339 1424 χώραν·
364 1336 638 1405 έπιθεᾘὸεικται
602 1363 667 1424 γαρ
687 1333 767 1466 ημῖν
786 1339 886 1405 τοῦτο
905 1335 989 1404 nord
1011 1363 1075 1423 την
1092 1337 1166 1422 περὶ
1191 1332 1271 1406 duo-

98 1445 244 1524 δείξεως
261 1451 500 1532 πραγματειᾝαν
533 1441 662 1514 οὔκουν
676 1439 800 1514 οἷόντε
814 1451 1000 1540 προχείρως
1017 1431 1272 1576 ἀποφηνασθαι,
1287 1467 1313 1508 ¹⁰

97 1550 255 1638 πότερον
278 1549 385 1632 οὕτως
408 1554 442 1634 ἐξ
466 1554 653 1640 ἐγκεφάλου
673 1553 970 1640 ιλύναμιςέπιρρεῖ
985 1566 1056 1632 τοις
1078 1553 1191 1642 μέλεσι
1215 1553 1272 1624 out

100 1658 244 1746 νεύρων
267 1655 287 1748 ἢ
312 1663 371 1747 τῆς
388 1663 450 1729 τοῦ
468 1661 657 1750 πνεύματος
682 1659 799 1742 οὐσίας
817 1660 1088 1748 παραγινομένης
1107 1659 1184 1750 ἄχρι
1201 1666 1271 1731 τῶν

100 1771 374 1854 αἰσθανομένων
401 1769 456 1836 καλ
486 1772 698 1858 κινουμένων
722 1776 852 1858 μορίων
880 1765 900 1856 ἢ
930 1770 1025 1856 μέχρι
1053 1768 1147 1850 τινὸς
1180 1771 1270 1859 έμπι-

99 1876 258 1964 πιούσης
280 1889 351 1956 τοῖς
374 1876 523 1965 νεύροις,
547 1876 592 1958 ὡς
616 1876 797 1948 ἀλλοιῶσαι
822 1880 980 1964 σφοδρῶς
1002 1873 1103 1964 αὐτά,
1133 1875 1269 1948 κᾶπειθ’

102 1983 198 2052 οὕτω
227 1988 287 2072 τῆς
313 1980 523 2064 ἀλλοιώσεως
551 1984 627 2074 ἄχρι
656 1990 724 2056 τῶν
747 1987 959 2073 κινουμένων
986 1989 1098 2073 μελῶν
1121 1990 1312 2055 deodato-ra

103 2093 225 2182 μένης.
266 2096 424 2162 τοιοῦτον
447 2097 533 2181 γοῦν
556 2120 587 2162 τι
611 2096 666 2163 καί
691 2093 773 2163 κατὰ
796 2093 859 2180 τὴν
883 2090 1025 2180 ὀπτικίην
1047 2100 1211 2180 αἴσθησιν
1233 2095 1271 2163 έν

104 2231 247 2240 -..ι-..φ

150 2291 275 2345 locoru
293 2289 347 2362 plo
365 2287 467 2384 ἄμφω
473 2291 554 2348 codd.
574 2293 635 2348 edd.
657 2293 710 2361 pta
736 2291 931 2379 erpunximns
950 2321 983 2332 -
1007 2297 1024 2346 ³
1044 2309 1072 2346 οι
1090 2285 1164 2346 κατὰ
1183 2287 1270 2348 δύνα-

105 2382 160 2446 μιν
182 2361 263 2418 codd.
283 2362 346 2418 edd.
371 2383 398 2418 οι
421 2364 471 2417 καὶ
494 2359 620 2435 δύναμιν
639 2363 718 2420 Corn
743 2362 772 2447 pi
790 2359 854 2419 θύι.
879 2381 997 2419 υοε.-
964 2359 1200 2431 -6καθολπερ
1222 2365 1269 2419 καλ

104 2430 182 2490 ὅταν
206 2452 291 2504 p.-
319 2431 471 2504 ῖποιότης
495 2386 589 2494 εούά.μ
598 2437 660 2492 add.
684 2430 834 2502 auctoratos
857 2452 920 2499 nos;
945 2435 979 2490 of.
1004 2434 1089 2491 Proll.
1114 2453 1144 2520 p.
1165 2443 1209 2492 95.
1236 2465 1271 2477 —
1356 2445 1360 2450 '

107 2514 125 2562 8
148 2500 343 2574 ύφικνειτοιι
333 2503 507 2562 MABCh'
487 2527 683 2580 αφικνηταιμ
712 2507 799 2562 Κ.-
819 2509 1007 2588 ὁιαθΜοθεισης
1024 2523 1076 2577 pro
1095 2503 1271 2594 διέδοσιςμ.

107 2609 146 2619 --
170 2578 272 2645 9περὶ
293 2579 344 2645 τῆς
362 2573 538 2645 ἀποδείξεως
561 2581 640 2635 codd.
661 2579 723 2635 edd.
742 2580 808 2648 περλ
826 2575 912 2634 duod.
936 2595 994 2634 nos.
1020 2609 1054 2620 -
1080 2585 1112 2634 11
1133 2575 1272 2650 δυνάμεις

105 2650 203 2706 M.-
225 2658 258 2726 13
277 2650 326 2704 καλ
345 2649 523 2722 κινουμένων
542 2669 597 2708 om.
617 2651 654 2706 ll.
674 2683 707 2694 -

108 2781 326 2792 ...ι-ο--η-ῌ.

80 2839 83 2843 ’
107 2856 255 2940 ponatur
278 2853 512 2920 consideranda
537 2875 575 2918 oc
598 2857 768 2938 praeterea
792 2850 851 2916 illa
873 2851 984 2934 tertia,
1006 2851 1170 2936 quomodo
1192 2874 1272 2939 qua·

108 2961 218 3027 litatis
251 2961 287 3027 in
319 2961 483 3026 continuis
516 2961 710 3046 corporibus
742 2959 931 3026 immutatio
964 2959 1036 3042 fiat,
1071 2961 1158 3046 quod
1184 2964 1271 3027 tecto

110 3069 299 3155 significare
324 3068 405 3134 mihi
429 3068 594 3153 ridentur,
618 3069 674 3154 qui
696 3068 891 3134 facultatem
915 3067 1078 3154 quandam
1102 3069 1172 3134 sine
1196 3068 1271 3134 sub-

111 3177 240 3244 stantia
262 3177 398 3242 influere
423 3177 544 3246 dicunt.
589 3177 676 3244 Nam
700 3175 898 3263 qualitatum
926 3199 985 3260 per
1006 3175 1273 3242 immutationem

110 3287 147 3352 in
180 3285 335 3352 continua
363 3307 502 3371 corpora
531 3285 770 3379 transfusiones
803 3283 973 3349 facultatis
1005 3283 1200 3348 influxiones
1229 3283 1272 3348 ab

111 3393 156 3460 iis
180 3393 398 3480 appellantur,
422 3395 525 3478 velut,
540 3395 623 3459 ¹cum
647 3415 667 3457 a
691 3392 770 3458 solis
794 3393 895 3458 radiis
925 3392 1073 3476 profecto
1100 3391 1272 3476 qualrlntis

112 3503 294 3568 transfusio
318 3503 479 3588 quaedam
501 3503 536 3569 in
561 3499 737 3567 ambientis
761 3501 845 3564 atris
869 3503 997 3585 partem
1021 3521 1152 3564 omnem
1176 3519 1272 3584 pene-

112 3614 182 3676 trat
205 3611 278 3696 ipsa
297 3611 377 3676 solis
397 3611 584 3676 substantio
604 3631 661 3675 suo
680 3609 753 3675 loco
773 3613 935 3692 manente,
957 3607 991 3671 id
1010 3606 1096 3693 quod
1119 3607 1154 3672 in
1174 3628 1272 3690 opere

113 3720 153 3785 de
181 3719 459 3786 demonstratione
489 3741 508 3784 a
536 3717 632 3783 nobis
661 3719 922 3782 demonstratum
952 3720 1012 3782 est.
1065 3713 1141 3780 Nou
1169 3713 1273 3800 igitur

114 3833 224 3915 potest
248 3829 329 3912 lieri,
352 3831 390 3892 ut
413 3825 563 3892 absolute
587 3829 780 3911 promteque
805 3826 1068 3910 pronuntiemus,
1091 3827 1201 3887 utrum
1225 3821 1272 3886 sic

114 3961 132 4002 ο
156 3936 288 4002 cerebro
316 3935 457 4000 facrrltns
485 3955 544 4019 por
567 3954 685 3998 nervos
714 3930 749 3996 in
772 3933 920 3997 membra
942 3933 1059 3998 influat
1082 3951 1124 3996 un
1147 3929 1208 4013 ita,
1235 3933 1272 3994 ut

115 4043 250 4129 spiritus
274 4041 460 4109 substantia
484 4041 535 4105 vel
559 4039 720 4126 usquead
743 4045 854 4124 partes
874 4063 940 4122 eas,
963 4061 1046 4125 quae
1070 4038 1217 4104 sentiunt
1239 4043 1271 4102 et

115 4155 296 4235 morentur,
319 4149 489 4236 perveniat
512 4148 565 4214 uel
584 4171 685 4234 usque
705 4170 743 4212 eo
762 4169 881 4214 nervos
904 4151 1062 4232 penetret,
1085 4149 1121 4210 ut
1141 4143 1271 4211 eosdem

117 4258 324 4324 veliementer
351 4261 519 4342 immutet,
552 4263 649 4343 atque
678 4256 726 4322 sic
753 4267 868 4342 postea
896 4254 1084 4320 immutatio
1112 4253 1154 4318 ad
1180 4253 1272 4338 ipsas

117 4388 230 4450 usque,
271 4390 353 4454 quoe
392 4373 579 4452 morentur,
612 4371 723 4452 partes
752 4363 1019 4444 transfundatur.
1080 4359 1271 4426 (uiusmodi

170 4480 252 4524 osleni
265 4483 293 4522 de
307 4483 367 4524 suc.
382 4483 440 4524 l'lrt.
453 4487 475 4522 et
492 4483 600 4531 lltppocr.
615 4481 676 4522 libri.
1022 4473 1057 4522 39
