3012 5010
677 330 721 342 -
755 291 834 362 ,aee
878 253 923 341 -’

218 462 402 543 παρελθεῖν
442 453 479 522 δὲ
516 453 571 521 καὶ
611 449 674 538 τὴν
709 449 793 540 πρὸς
828 447 907 531 τοὺς
942 445 1177 538 ηρατημένονς
1214 447 1279 522 ὑπὸ
1312 453 1386 520 τῶν

219 559 356 649 ἀνδρῶν
383 561 506 648 λόγοις
533 557 729 647 ἀντιλογίαν
756 585 791 628 τε
819 559 875 628 καὶ
903 559 1017 644 λύσιν,
1046 555 1100 646 ἐφ’
1131 550 1151 648 ᾗ
1180 564 1315 628 δίκαιον
1341 551 1387 648 ἦν

219 665 325 740 αι’πδν
356 665 545 752 ἀποδείξεσι
577 667 791 756 χρησάμενον
823 668 1094 756 ἐπιστημονικαῐς
1121 669 1310 755 ἐμπεδῶσαι
1343 666 1384 736 τὸ

191 778 343 847 ιεάντοῦ
373 775 495 865 δόγμα,
521 779 671 864 ποιητῶν
699 775 735 845 δὲ
763 778 957 864 μεμνῆσθαι
990 775 1046 842 καὶ
1072 778 1205 863 πλῆθος
1235 781 1385 846 ἰδιωτῶν

153 905 210 964 tls
219 891 333 954 καλεῖν
361 889 578 973 μαρτνρῆσον
600 885 655 954 καὶ
684 890 719 952 τί
745 885 750 973 l
780 883 937 969 λέγουσιν
961 885 999 950 αἰ
1025 897 1196 970 γυναῖκες,
1225 884 1386 972 γράφειν,

220 990 300 1063 οὐδὲ
333 983 398 1062 οὖν
433 989 514 1062 οὐδὲ
542 993 580 1062 ἐν
612 988 727 1072 αὐτοῖς
755 985 806 1072 οἷς
836 997 932 1060 καλεῖ
957 989 1125 1080 μάρτυσιν
1157 987 1384 1078 εὖτνχοῡντα;

218 1102 274 1170 καὶ
302 1097 366 1188 γὰρ
391 1103 427 1170 οἱ
450 1101 584 1188 ποιηταὶ
611 1100 695 1169 κατὰ
722 1095 828 1168 αὐτοῦ
857 1100 1017 1186 λέγουσιν
1039 1096 1183 1179 άπαντες
1210 1097 1250 1167 τά
1278 1107 1384 1168 πλείω

218 1210 274 1278 καὶ
298 1212 335 1279 οἱ
355 1211 495 1278 ἰδιῶται.
540 1216 590 1289 τίς
617 1212 703 1295 γοῦν
733 1204 795 1277 οὐκ
822 1211 947 1296 ἔγραψε
976 1206 1116 1296 ποιητὴς
1144 1208 1324 1296 ἐπιθυμεῖν
1347 1235 1385 1276 τε

112 1339 114 1344 ·
218 1317 274 1386 καὶ
308 1319 506 1404 θυμοῦσθαι
539 1314 646 1384 πολλὰ
677 1318 746 1385 τῶν
778 1314 872 1408 {pior
908 1311 1095 1404 άνθρῶπου
1131 1313 1384 1402 σφοδρότερον;

179 1451 204 1492 ιο
218 1431 269 1506 τίς
291 1423 328 1495 δὲ
347 1423 484 1512 ἰδιώτης
502 1420 563 1511 οὐχ
583 1421 670 1492 οὕτω
689 1426 807 1510 χρῆται
825 1435 896 1503 τοῖς
914 1419 1092 1510 ὀνόμασιν,
1116 1417 1161 1502 ῶς
1184 1420 1221 1491 τὸ
1242 1421 1383 1491 Πλάτω-

221 1559 279 1614 νος
301 1531 457 1620 βούλεται
482 1529 603 1620 δόγμα,
622 1528 687 1598 ,τὸν
706 1529 769 1618 μὲν
791 1527 956 1618 ἀκάρδιον
979 1531 1017 1598 ἐν
1040 1539 1101 1623 ἴσῳ
1125 1533 1170 1622 τῶ
1191 1528 1308 1599 δειλὸν
1325 1531 1383 1599 καλ

218 1639 367 1730 άτολμον
384 1641 439 1710 καὶ
455 1637 629 1724 ἄνανδρον
648 1634 835 1725 ὀνομάζων,
854 1642 997 1724 καρδίαν
1017 1637 1054 1706 δὲ
1074 1645 1190 1724 λαβεῖν
1210 1638 1383 1724 ἐγκελευό-

218 1775 334 1836 μενος,
349 1749 485 1818 saecuto
504 1751 549 1827 εἰς
564 1742 727 1832 άνδρειάν
739 1748 862 1830 πρᾶξιν
876 1747 1027 1836 ἐπεγείρη
1042 1746 1103 1816 τὸν
1117 1747 1229 1830 πέλοις,
1248 1747 1382 1833 ἐπεγγε-

218 1859 288 1924 λῶν
303 1855 340 1924 δὲ
354 1869 424 1936 τοῖς
438 1851 585 1942 άνόητον
600 1857 755 1923 εἰποῦσιν
770 1849 1019 1940 άνεγκεῳάλοος
1033 1855 1087 1922 καὶ
1103 1851 1289 1934 άσυνέτους
1303 1849 1382 1922 ὀνο-

179 1989 204 2030 rs
217 1963 331 2052 μάζιον
354 1960 493 2049 αὐτούς,
517 1963 650 2050 ἑτέρους
673 1960 710 2029 δὲ
734 1957 893 2050 άγχίνονς
914 1962 970 2029 καὶ
994 1967 1115 2041 ἔννους
1138 1961 1297 2048 φάσκων,
1320 1959 1383 2042 οὓς

218 2065 262 2140 clv
281 2067 327 2153 ῶς
349 2070 512 2151 συνετοὺς
529 2072 661 2160 ἐπαινῇ,
684 2065 918 2156 άσπλάγχνους
937 2069 973 2138 δὲ
997 2067 1177 2139 ἀποκαλῶν
1195 2067 1276 2152 τοὺς
1298 2069 1382 2158 μήτε

255 2292 456 2368 λάντιλογιάν
479 2297 528 2351 κοιλ
551 2291 632 2352 λόοιν
650 2293 688 2349 bl.
708 2325 741 2336 -
766 2301 781 2350 3
803 2289 1025 2366 ἔπιστημονιιιῶς
1044 2294 1138 2350 ΜΑΒ.
1163 2327 1197 2338 -
1222 2301 1237 2351 ’λ
1261 2299 1382 2366 ποιηταλ

218 2364 283 2426 κατ’
304 2365 395 2426 orituri
414 2369 504 2424 Mas
527 2387 559 2423 π.
577 2367 628 2422 καλ
646 2361 712 2421 κατ’
733 2361 823 2422 οιάτοῦ
844 2367 928 2434 ChK;
952 2367 987 2422 ci.
1007 2367 1093 2423 Proll.
1117 2385 1144 2438 p.
1165 2374 1208 2424 58.
1232 2399 1265 2409 —
1294 2377 1325 2424 11
1345 2365 1380 2425 τό

165 2491 169 2500 .
219 2440 273 2513 μὲν
290 2441 423 2498 AsschK
444 2437 495 2496 τόν
514 2438 568 2512 μὲν
585 2441 628 2506 Μ;
652 2439 687 2494 cl'.
706 2439 791 2494 Proll.
811 2457 838 2510 p.
858 2443 902 2494 37.
923 2471 955 2480 -
988 2447 1019 2494 12
1039 2441 1161 2526 καρδίην
1179 2439 1323 2496 MABCh.
1344 2473 1380 2482 —

220 2520 254 2570 14
271 2507 503 2584 κενεγκεφάλονς
521 2513 558 2568 λλ.
579 2541 612 2552 -
634 2517 666 2567 16
686 2506 723 2581 μὴ
745 2505 897 2574 ἐλεοῦντας
915 2510 996 2567 codd.
1016 2511 1078 2568 cdd.
1097 2530 1169 2582 μητε
1190 2507 1213 2568 ἒ.
1233 2529 1293 2570 uos.
1313 2543 1345 2554 ·-

218 2727 385 2792 firmatum
413 2724 471 2806 sit,
503 2720 701 2802 adscribere,
733 2721 910 2804 praeterire
940 2719 1039 2786 etiam
1068 2722 1311 2788 controversias
1339 2723 1382 2789 de

219 2855 330 2898 eorum
363 2829 548 2896 rationibus
583 2829 958 2915 interrogationibusqae
994 2833 1086 2896 ortas
1124 2827 1383 2918 solutionesque,

220 2940 338 3028 quibus
371 2936 528 3003 adhibitis
562 2936 675 3002 debuit
714 2937 1049 3002 demonstrationibus
1086 2938 1293 3024 elegantibus
1329 2945 1381 3010 uti

219 3051 318 3137 atque
347 3047 394 3112 ita
427 3067 522 3110 suuni
551 3045 717 3109 (lucratum
752 3047 958 3127 confirmare,
986 3053 1056 3110 tum
1088 3051 1261 3130 poctarum
1291 3049 1382 3116 dicta

220 3153 375 3240 colligere
391 3156 423 3218 et
437 3151 667 3238 imperitorum
683 3153 799 3239 vulgus
816 3154 849 3218 in
865 3153 1092 3221 'testimouium
1106 3175 1223 3220 vocare
1239 3161 1281 3238 et,
1300 3160 1381 3244 quid

219 3259 430 3326 mulierculae
453 3259 574 3344 dicant.
597 3261 718 3326 litteris
746 3261 916 3342 mandare,
945 3285 1142 3347 quamquam
1166 3285 1283 3348 parum
1305 3265 1381 3333 feli·

219 3366 302 3433 citer
323 3365 376 3433 his
401 3367 501 3433 etiam
525 3369 664 3434 testibus
689 3393 740 3434 res
765 3369 896 3454 agitur?
943 3369 1063 3435 Poetae
1087 3371 1174 3436 euim
1198 3395 1236 3438 ac
1260 3373 1381 3460 vulgus

219 3475 373 3563 pleraque
397 3481 512 3542 contra
531 3499 606 3544 euin
625 3477 745 3542 dicunt.
784 3477 863 3553 Quis
884 3478 970 3543 enim
994 3483 1092 3562 poeta
1112 3483 1171 3562 est,
1194 3480 1250 3564 qui
1274 3483 1381 3550 mulla

220 3583 378 3650 animalia
401 3583 498 3650 bruta
521 3585 653 3650 homine
673 3584 897 3649 vehementius
918 3587 950 3649 et
970 3587 1198 3670 concupiscere
1224 3595 1257 3654 et
1279 3590 1380 3657 irasci

218 3691 441 3758 contradat?
489 3691 568 3770 Quis
588 3715 605 3758 e
629 3693 728 3778 vulgo
754 3692 861 3758 rcrbis
885 3715 951 3758 nou
974 3691 1023 3758 ita
1041 3694 1153 3776 utitur,
1177 3695 1380 3764 utPlatonis

219 3799 384 3865 decretum
399 3799 490 3865 vult?
516 3800 685 3866 excordem
704 3801 791 3865 enim
811 3822 884 3865 cnm
905 3801 1058 3884 appellat,
1082 3801 1138 3887 qui
1157 3803 1381 3886 meticulosae,

219 3906 353 3973 timidus
373 3907 581 3992 imbellisque
600 3911 663 3994 est3
688 3912 719 3972 et
739 3905 868 3972 eumad
889 3930 957 3974 rem
976 3909 1108 3976 fortiter
1122 3910 1379 3997 aggrediendam

219 4015 359 4081 alterum
383 4015 510 4098 incitet,
534 4037 589 4080 cor
612 4021 649 4080 ut
672 4015 792 4100 capiat,
815 4015 978 4101 bortatur3
1003 4039 1068 4100 cos,
1092 4019 1146 4102 qui
1171 4018 1271 4085 stulte
1291 4019 1380 4086 dixs-

219 4127 311 4206 runt,
334 4123 459 4188 cerebri
483 4128 632 4209 expertes
657 4129 690 4188 et
712 4124 905 4208 insipientes
934 4125 1072 4191 irridens
1099 4125 1264 4210 nominet3
1293 4128 1380 4196 alios

220 4235 334 4298 contra
361 4252 497 4318 sagaces
525 4235 559 4296 et
585 4231 826 4319 intellegentes,
855 4254 993 4318 quorum
1021 4233 1228 4319 prudentiam
1251 4235 1379 4322 laudat3

220 4341 255 4404 at
278 4339 334 4426 qui
355 4339 521 4406 neminem
543 4339 756 4426 miserantur,
782 4341 946 4407 nemiuem
970 4343 1082 4408 amant
1109 4363 1183 4426 nec,
1210 4343 1278 4410 sire
1308 4343 1380 4412 luu-
