2994 5024
685 290 842 357 ...ρης
888 327 931 339 -

229 445 370 546 ἐμοῦσιν
406 455 442 523 oi
475 452 698 540 λυπηθέντες,
735 451 839 532 ἐνίοις
871 450 908 519 δὲ
943 448 1116 541 ὑπέρχεται
1153 455 1245 526 κάτω
1282 457 1344 528 καὶ
1384 453 1405 546 ἡ
1445 441 1450 446 .

229 560 356 652 γαστὴρ
388 559 504 642 αὐτοῖς
535 558 663 646 ἄκρατα
690 559 823 646 χολιόδη
856 565 1024 647 διαχωρεῖ.
1075 569 1255 652 συμβαίνει
1285 565 1327 634 δὲ
1357 565 1404 636 οὐ

216 670 337 760 Ιμόνον
359 684 430 751 τοῖς
451 677 666 756 λυπηθεῑσιν,
688 665 772 736 ἀλλὰ
791 668 934 736 καὶτῶν
958 670 1010 738 ἐπὶ
1033 673 1138 740 πλεόν
1156 669 1405 760 ἀσιτησόντων

228 777 292 848 οὐκ
314 775 443 865 ὀλίγοις
464 776 650 846 δάκνεσθαι
672 772 709 844 τό
735 778 793 861 της
816 773 961 862 γαστρὸς
986 777 1092 866 στόμα
1116 780 1172 846 καὶ
1196 783 1345 868 μᾶλλον,
1371 786 1406 850 εί

200 889 387 974 εσφοδρως
405 884 739 972 προγεγυμνασμένοι
763 879 809 969 μη
828 885 1109 971 προσενέγκοιντο
1129 893 1229 955 σιτία.
1266 903 1343 969 τοῖς
1362 915 1401 958 τε

228 994 495 1082 γὰρλυπηθεῖσι
520 992 671 1070 καὶτοῖς
697 991 969 1078 γυμνασαμένοις
995 990 1225 1080 εὐτονώτερον
1254 1001 1302 1076 είς
1332 995 1403 1084 τὴν

229 1103 373 1192 γαστέρα
400 1115 520 1190 συρρεῖ
550 1099 632 1187 χολη
666 1097 789 1186 ξανθή·
820 1096 905 1188 πρὸς
936 1100 1059 1189 ταύτης
1091 1095 1157 1172 οὖν
1186 1101 1402 1190 δακνόμενοι

227 1213 502 1298 καρδιαλγοῦσιν.
548 1205 631 1276 οὐδέ
652 1209 744 1276 ἐστιν
766 1203 953 1293 ἀναγκαῖον
976 1211 1014 1278 έν
1036 1214 1120 1302 τῷδε
1144 1215 1190 1304 τῷ
1214 1209 1307 1302 λόγῳ
1332 1212 1403 1300 τὴν

228 1323 341 1387 αἰτίαν
369 1319 640 1401 ἐπισκέπτεσθαι,
668 1313 725 1384 διὰ
756 1311 797 1402 ἣν
824 1318 923 1384 τοῦτο
955 1323 1143 1406 συμβαίνει.
1187 1318 1300 1406 μόνον
1329 1321 1402 1408 γάρ

189 1453 215 1494 ιο
228 1453 286 1514 μοι
313 1425 483 1514 πρόκειται
516 1427 621 1506 δεῖξαι
653 1422 736 1491 κατό
768 1449 805 1509 γε
837 1421 875 1491 τὸ
908 1423 1034 1512 παρόν,
1066 1423 1113 1508 ιδς
1145 1423 1208 1496 οὐκ
1236 1433 1306 1495 ἔστι
1336 1433 1403 1516 τῆς

228 1538 369 1621 καρδίας
400 1537 461 1602 τοῦ
494 1533 687 1620 σπλάγχνου
714 1530 752 1600 τὸ
785 1529 897 1611 πάθος
929 1529 949 1619 ἡ
982 1538 1204 1621 καρδιαλγία,
1237 1535 1401 1626 καθάπερ

230 1639 311 1711 οὐδὲ
333 1641 371 1711 τὸ
396 1641 582 1710 δάκνεσθαι
606 1639 688 1708 κατὰ
712 1637 772 1719 τὰς
794 1637 917 1720 λύπας,
940 1637 1025 1710 ἀλλὰ
1054 1641 1092 1712 τὸ
1117 1641 1181 1730 μὲν
1203 1642 1400 1732 σύμπτωμα

228 1753 291 1819 τοῦ
318 1748 482 1836 στόματος
512 1753 571 1837 τῆς
602 1747 764 1836 γαστρός,
798 1749 1036 1836 ἐπικεχείρηται
1066 1751 1102 1818 δὲ
1131 1747 1196 1820 ἀπὸ
1221 1754 1281 1837 τῆς
1307 1751 1400 1821 κατὰ

191 1849 209 1942 Ἰ
228 1854 292 1943 τὴν
309 1857 409 1924 θέσιν
428 1856 617 1944 έγγότητος,
640 1853 750 1941 ὥσπερ
770 1879 806 1942 γε
825 1855 881 1923 καὶ
900 1853 938 1923 τὸ
956 1855 1144 1926 πάλλεσθαι
1163 1857 1227 1946 τὴν
1245 1864 1400 1946 καρδίαν
1492 1947 1493 1954 ¹

118 2009 121 2014 ,
189 1966 268 2033 ιεέν
289 1978 360 2044 τοῖς
382 1963 503 2052 φόβοις
530 1961 596 2033 ἀπὸ
625 1962 874 2050 συμβεβηκότος
897 1965 1124 2051 ἐπιχειρεῖται,
1151 1957 1202 2034 ὧν
1231 1967 1398 2056 ἑκάτερον

229 2068 291 2140 οὐκ
319 2077 411 2139 ἔστιν
438 2072 704 2160 ἐπιστημονικόν.
755 2075 785 2139 εί
817 2070 853 2138 δὲ
881 2073 936 2138 καὶ
965 2079 1202 2160 συγχωρηθείη
1231 2079 1398 2144 τοιοῦτον

227 2177 403 2268 ὑπάρχειν,
426 2178 468 2250 οὐ
490 2187 656 2260 Στωϊκοῖς
683 2180 738 2247 καὶ
765 2187 1052 2266 Περιπατητικοῖς,
1076 2177 1160 2250 ιἰλλδι
1178 2180 1397 2272 Ἱπποκράτει

266 2391 683 2464 1ίνοῖςΙιέυιόιςΜΑ.-
707 2397 756 2452 καλ
774 2400 840 2452 ante
859 2391 877 2466 ἡ
897 2391 1003 2466 γαστὴρ
1027 2413 1082 2452 orn.
1107 2396 1139 2453 L.
1162 2429 1198 2440 -
1221 2407 1238 2453 2
1258 2395 1336 2468 ἄκρα
1357 2397 1395 2457 τὰ

228 2467 397 2526 ΜΔΒΟδΚ
424 2467 536 2539 ἄκρατα
561 2469 599 2538 L;
628 2471 663 2526 cf.
693 2469 777 2524 Proll.
807 2487 835 2539 p.
858 2475 893 2524 θλ
923 2471 953 2524 et
976 2466 1038 2526 Gal.
1062 2467 1219 2526 Commeat.
1248 2472 1279 2526 in
1303 2473 1395 2546 liipp.

228 2541 357 2614 Epidem.
380 2542 473 2608 XVII,
499 2550 526 2606 l,
554 2549 615 2598 316.
640 2573 673 2582 -
704 2548 737 2596 10
761 2537 913 2610 προῦκειτο
941 2539 972 2594 L.
1002 2573 1036 2582 -
1066 2547 1099 2596 12
1123 2539 1262 2613 σόπτωμοι
1292 2543 1331 2598 ll.
1358 2577 1395 2587 —-

230 2621 264 2671 16
282 2614 333 2670 καλ
350 2617 416 2670 ante
435 2615 633 2684 συγχωρηθείη
652 2629 703 2668 noa
721 2613 900 2670 inseruimus.
918 2643 952 2653 -

229 2833 371 2902 confecti
393 2833 495 2900 bilem
518 2855 668 2901 evomere
693 2833 809 2916 solent,
831 2831 997 2898 nonnullis
1021 2855 1149 2918 quoque
1172 2856 1232 2919 per
1254 2835 1394 2902 inferio-

198 2934 200 2940 ’
228 2965 280 3008 res
303 2947 413 3028 partes
437 2943 604 3008 descendit
627 2947 717 3006 etex
741 2941 816 3006 alvo
839 2963 930 3006 mera
953 2941 1073 3008 biliosa
1094 2947 1281 3028 egeruntur.
1320 2943 1393 3010 Nec

229 3073 377 3118 maerore
404 3055 533 3116 tantum
557 3051 696 3134 affectis,
725 3050 978 3134 verumetiam,
1008 3049 1065 3135 qui
1088 3050 1212 3116 (lintius
1235 3053 1312 3118 cibo
1337 3077 1392 3119 ca-

228 3162 382 3242 ruerunt,
409 3181 476 3226 non
501 3158 616 3244 paucis
645 3159 776 3241 accidit,
803 3163 839 3222 ut
867 3180 995 3224 morsus
1025 3158 1087 3225 hos
1115 3159 1289 3224 ventriculi
1319 3184 1392 3228 scn-

227 3267 323 3352 tiant,
345 3267 541 3352 praesertim
565 3289 638 3332 cum
658 3267 843 3332 vehementi
867 3267 976 3351 aliqua
995 3265 1229 3332 exercitatione
1252 3267 1391 3356 fatigati

228 3376 339 3443 cibum
366 3375 494 3441 nullum
526 3375 711 3440 sumserint.
766 3373 852 3440 Nam
883 3378 916 3440 et
943 3396 1074 3440 maeror
1100 3377 1134 3438 et
1162 3374 1392 3444 vehementior

228 3483 419 3550 exercitatio
443 3483 540 3568 facit,
567 3487 604 3548 ut
626 3483 712 3550 flava
735 3483 812 3548 bilis
836 3483 870 3548 in
895 3481 1113 3548 ventriculum
1137 3483 1294 3568 confluat,
1322 3507 1390 3571 qua

151 3617 153 3622 ·
227 3591 349 3658 irritati
373 3591 536 3657 stomachi
559 3591 670 3658 dolore
694 3591 861 3676 laborant3
886 3591 972 3676 qnod
995 3613 1053 3656 cur
1076 3593 1144 3674 fiat,
1168 3589 1222 3657 hic
1245 3614 1314 3658 non
1337 3599 1391 3658 est

227 3701 411 3786 explicandi
434 3700 536 3766 locus.
589 3697 678 3764 Satis
702 3700 788 3765 enim
813 3699 853 3764 ael
877 3721 1032 3784 preicsens
1056 3704 1106 3764 est
1132 3699 1303 3766 ostendere
1326 3723 1388 3768 nec

228 3808 443 3894 cardialgiam
479 3829 539 3874 nec
576 3829 734 3892 morsum,
766 3808 821 3892 qui
858 3809 893 3873 in
933 3806 1195 3892 aegritudinibus
1233 3809 1387 3893 sentitur,

228 3937 300 3982 esse
323 3915 430 3980 cordis
458 3915 609 4000 visceris,
637 3915 693 3981 sed
716 3916 833 3982 orilieii
858 3915 980 3982 ventris
1010 3914 1217 3982 affectionem
1244 3921 1388 4001 atquae

228 4024 312 4090 situs
341 4022 510 4089 vicinitate
539 4025 662 4090 factam
693 4025 1011 4109 argumentationem
1037 4045 1119 4106 esse,
1147 4022 1244 4088 sicuti
1272 4025 1387 4090 eadem

229 4132 271 4198 ab
294 4131 460 4198 accidente
484 4135 531 4216 tit,
554 4155 628 4198 cum
647 4132 871 4198 vehementius
892 4133 1056 4217 palpitare
1075 4154 1132 4198 cor
1154 4131 1189 4196 in
1208 4133 1386 4218 pavoribus

228 4241 354 4325 (ficunt,
395 4262 534 4326 quarum
575 4247 692 4307 neutra
732 4241 766 4306 in
803 4240 982 4306 ulisserendi
1024 4240 1188 4326 elegantia
1224 4247 1385 4308 versatur.

229 4347 374 4428 Quodsi
399 4349 446 4416 ita
469 4373 549 4436 esse,
573 4353 609 4416 ut
632 4351 760 4432 volunt,
784 4349 1047 4430 concederemuS,
1076 4349 1108 4413 id
1132 4347 1329 4434 Hippocrati
1352 4359 1384 4416 et
