2960 5032
556 351 805 418 -123-

103 539 134 601 p.
159 515 200 582 in.
227 510 332 600 λόγον
359 515 456 600 ἔσχεν
484 536 544 600 pro
572 516 647 598 ἔσχε
674 509 795 598 λόγον,
828 537 858 601 p.
889 514 949 582 731
980 539 1011 602 p.
1040 516 1124 582 med.
1156 510 1262 582 καλὸν

102 624 200 707 γοῦν,
221 611 248 688 oi
273 620 465 706 Σώκρατες,
490 617 580 703 eidos
603 628 653 707 riq
678 617 722 688 dv
746 647 805 706 pro
829 647 857 690 ιι.
881 623 967 707 γοῦν
990 616 1034 690 ἄν
1057 613 1084 692 ai
1109 627 1150 690 Σ.
1173 617 1263 702 εἶδος

101 737 166 816 εἴη,
197 753 228 818 p.
262 732 325 800 'ill'
359 733 403 799 in.
435 727 542 808 εὐθὺς
572 725 610 796 τὸ
640 728 739 816 γένος
768 727 807 796 τὸ
837 729 969 817 θνητόν
1002 757 1062 818 pro
1094 728 1132 798 ιὸ
1165 729 1263 816 γένος

101 833 205 916 εὐθὺς
236 835 273 906 τὸ
308 847 379 924 dn,
412 864 443 928 p.
472 841 535 906 728
570 837 652 904 med.
687 841 779 904 ἔστιν
807 834 884 916 ἑνὸς
916 831 1042 925 ἀνδρός
1078 863 1138 928 pro
1171 841 1263 905 ἔστιν

4 985 5 998 .
99 940 225 1032 ἀνδρὸς
256 944 348 1030 ἑνός,
380 971 412 1036 p.
445 950 511 1014 756
543 949 621 1034 post
648 947 691 1012 iu.
724 949 798 1032 elth
832 943 945 1032 λόγων
976 945 1071 1036 μάθῃ
1099 971 1159 1036 pro
1188 949 1261 1054 εἰσι]

99 1051 192 1144 μάθῃ
216 1051 345 1142 λόγων,
373 1079 403 1143 p.
429 1056 493 1124 758
522 1057 565 1123 in.
589 1049 698 1124 ὁπόσα
721 1051 761 1124 td
789 1052 997 1142 ὸιαστήματιὶ
1021 1055 1113 1124 ἐστιν
1139 1079 1198 1142 pro
1221 1079 1262 1122 τα

100 1160 306 1251 ιλιαστήμιιτα
330 1159 438 1232 ὁπόσα
462 1163 547 1242 ἐστὶ,
575 1167 618 1233 ib.
643 1171 722 1232 extr.
746 1153 846 1242 οὗτος
869 1159 887 1230 ὁ
912 1162 1013 1248 λόγος
1035 1188 1095 1251 pro
1119 1158 1137 1230 ὁ
1162 1159 1264 1248 λόγος

100 1259 196 1352 οὗτος
219 1277 252 1338 et
275 1277 350 1339 cett
401 1275 472 1351 Qua
495 1296 530 1338 re
554 1275 660 1360 magis
690 1275 845 1358 mldueor,
868 1279 903 1340 nt
927 1274 1057 1340 eredam
1081 1271 1174 1338 illam
1197 1271 1262 1338 dis·
1351 1276 1360 1294 '

101 1383 302 1466 crepantinrn
331 1403 397 1448 non
426 1405 445 1446 a
475 1381 592 1450 (taleni
622 1383 672 1448 rel
702 1383 915 1469 neglegenter
942 1382 993 1447 ael
1022 1403 1040 1446 e
1068 1379 1179 1448 codiee
1208 1379 1261 1445 de·

103 1497 235 1576 prarrrto
252 1489 522 1556 transcribenda
551 1513 649 1558 manu
680 1493 862 1577 profectam
891 1527 936 1538 -
964 1491 997 1556 id
1026 1489 1114 1556 enim
1143 1509 1262 1576 parum

103 1599 251 1666 comenit
274 1597 318 1682 ei,
342 1597 397 1684 qni
416 1621 482 1666 acm
501 1599 536 1666 in
555 1623 620 1666 nao
641 1601 820 1684 exemplari
840 1598 1018 1686 acquievit,
1041 1595 1099 1664 aed
1118 1595 1262 1684 plurium

103 1705 255 1772 leeti‹mes
283 1707 370 1772 inter
398 1731 432 1772 se
462 1711 610 1774 eoal'erro
634 1707 751 1774 solitas
776 1714 825 1774 est
850 1707 904 1796 (ef.
928 1703 1261 1792 Dn1·emberg.Frag-

105 1827 204 1880 meuts
242 1816 284 1880 dn
323 1813 566 1882 Commentairo
603 1817 642 1883 de
677 1817 792 1883 l'ialieu
826 1841 857 1903 p.
892 1813 948 1902 12)
972 1852 1029 1898 -,
1057 1813 1113 1878 sed
1152 1812 1262 1898 potius

104 1923 309 1990 librariorum
329 1930 541 2010 praepostere
556 1925 769 1992 scribentium
784 1925 1013 2010 neglegentiae
1027 1939 1262 1990 correcturum·

105 2055 161 2116 qne
180 2033 286 2098 malae
305 2033 473 2098 sedulitati
492 2033 699 2101 tribuendam
720 2058 801 2118 esse,
821 2034 1014 2119 praesertim
1034 2053 1107 2096 enm
1128 2029 1262 2095 omnino

1 2179 2 2184 κ
105 2141 135 2206 in
163 2139 333 2206 reddendis
361 2139 442 2206 loeis
470 2138 667 2212 Platonicis.
700 2149 735 2206 at
764 2165 801 2208 ex
836 2141 994 2228 exemplis
1023 2162 1122 2225 snpra
1150 2137 1262 2204 allatis

104 2256 205 2334 patet,
228 2249 356 2314 librarii
381 2271 497 2334 parum
522 2251 666 2316 accurati
692 2249 823 2316 inerint
873 2247 942 2316 Nec
971 2257 1083 2316 tamen
1111 2245 1262 2332 equidem

104 2357 276 2442 quidquam
312 2357 391 2422 eerti
421 2359 586 2423 affirmare
614 2359 732 2444 audeo,
765 2381 838 2424 enin
872 2356 1006 2443 plurimi
1038 2354 1088 2422 illi
1118 2353 1197 2438 loci,
1229 2353 1261 2418 id

103 2464 183 2550 quod
208 2465 417 2532 veliementer
440 2465 613 2532 dolendum
638 2471 701 2550 est,
724 2467 758 2532 iu
783 2465 911 2533 schedis
931 2461 1263 2550 Cnntalnigiensilms

106 2573 393 2658 laurentianisqne
420 2597 485 2639 mm
514 2579 643 2638 exstent
671 2579 768 2661 atque
797 2575 835 2640 de
860 2597 897 2640 ea
926 2597 961 2640 re
984 2574 1079 2640 testis
1107 2569 1262 2658 gravissi·

104 2703 173 2746 mus
197 2681 333 2747 alterius
357 2681 503 2746 familiae
527 2681 674 2748 emlieum
698 2683 895 2768 interrogari
918 2705 986 2748 noa
1008 2681 1124 2767 possit.

191 2789 395 2874 Quamquam
431 2800 541 2854 nutem
575 2789 635 2854 hus
664 2789 744 2856 duas
776 2790 921 2856 familias
954 2789 1150 2856 lectionibus
1184 2786 1263 2852 scri·

103 2897 270 2982 plurisque
289 2896 436 2963 diversas
456 2919 525 2962 esse
546 2901 650 2982 patet,
674 2903 785 2965 tamen
805 2899 846 2965 ab
865 2921 931 2966 uno
950 2898 1128 2984 eodemque
1152 2894 1264 2962 codice

103 3004 260 3091 originem
289 3005 424 3088 dnemrt,
452 3007 507 3091 qui
537 3005 668 3092 «pridem
697 3007 862 3074 saeculum
891 3007 1054 3074 decimum
1082 3027 1149 3073 non
1172 3023 1263 3069 exee-

101 3113 179 3178 dens
202 3113 274 3198 ipse
298 3113 411 3178 multis
435 3113 600 3199 variisque
624 3113 750 3181 mendis
774 3119 808 3180 et
832 3115 923 3182 vitiis
951 3113 1126 3182 laborarit
1175 3111 1263 3178 Nam

102 3219 166 3286 na
181 3219 285 3308 (rep)
308 3221 390 3286 ritis
414 3243 488 3288 cnm
513 3219 566 3288 CL
591 3223 776 3290 eommunia
800 3230 898 3308 atque
919 3245 958 3290 ea
977 3221 1108 3308 quidem
1130 3219 1265 3304 habent,

102 3351 237 3415 qnorum
261 3329 355 3414 origo
378 3329 443 3396 nisi
467 3353 484 3394 e
507 3329 610 3396 sontis
634 3337 742 3396 aetate
771 3331 936 3398 inferioris
960 3351 1019 3398 nec
1043 3337 1110 3396 lam
1133 3327 1262 3414 limpidi

102 3437 327 3504 communione
351 3437 454 3523 repeti
479 3459 545 3504 nan
569 3445 687 3524 potest.
734 3437 779 3506 l’t
802 3439 889 3506 enim
913 3437 1070 3506 nonnulla
1094 3437 1162 3504 sint
1184 3457 1263 3502 ensu

102 3543 299 3630 eommunia,
332 3545 423 3610 velut
454 3567 506 3630 ea,
543 3567 625 3633 qnam
658 3569 697 3612 ex
730 3547 882 3614 itacismo
913 3553 992 3612 nata
1025 3552 1115 3630 sunt,
1152 3543 1263 3630 qualia

102 3677 132 3740 p.
164 3655 229 3721 227
263 3653 305 3720 ia.
339 3655 495 3738 ιλιαιιρίνη
528 3677 588 3739 pro
621 3655 806 3736 διακρίνοι,
839 3677 870 3741 p.
903 3655 968 3722 253
1001 3653 1045 3722 in.
1077 3659 1169 3736 elno
1201 3671 1262 3738 pro

104 3757 200 3848 ἥπερ,
227 3785 258 3851 p.
287 3763 353 3830 458
382 3783 411 3828 a.
436 3785 477 3828 m.
505 3761 595 3846 λε’γοι
620 3783 680 3848 pro
713 3759 816 3848 λέγει,
849 3785 880 3849 p.
903 3762 971 3830 496
1002 3785 1032 3848 p.
1061 3783 1101 3828 nr.
1136 3753 1263 3845 ἡγιλται

102 3893 160 3956 pro
186 3865 319 3956 ἡγῆται,
342 3893 373 3959 p.
396 3869 462 3936 483
487 3894 517 3955 p.
541 3869 583 3936 in.
608 3865 708 3954 φύσει
729 3893 788 3955 pro
808 3867 928 3957 φήσεις
945 3871 1043 3958 idque
1062 3889 1164 3956 genus
1187 3865 1264 3950 aliu,

102 3985 208 4044 tumen
232 3999 274 4045 ue
294 3975 454 4042 eiusmodi
478 3977 608 4062 quidem
628 3985 763 4065 peecata
787 3980 898 4046 omnia
917 3979 958 4044 ad
982 3999 1094 4044 casnm
1114 3973 1262 4042 revocari

102 4093 247 4172 possunt.
301 4087 355 4152 Aa
383 4107 461 4150 casu
492 4085 616 4152 suetum
650 4091 714 4171 est,
747 4093 782 4152 nt
810 4109 841 4174 p.
865 4089 930 4154 268
960 4085 995 4152 in
1023 4083 1085 4152 Cli
1113 4081 1166 4150 tut
1194 4083 1263 4150 miv

101 4189 220 4278 φόβων
242 4191 295 4260 nal
322 4193 475 4260 λοιπῶν
499 4215 558 4280 pro
581 4195 717 4260 λυπῶν
740 4193 840 4282 (qnod
865 4195 1007 4262 editores
1032 4191 1171 4258 Aldinae
1194 4213 1264 4258 cor·

101 4303 221 4370 rexisse
244 4303 424 4388 ridentur),
452 4325 482 4389 p.
507 4303 569 4370 221
595 4302 678 4368 med.
702 4303 736 4368 in
760 4299 854 4368 MAG
877 4313 998 4386 πεῖραν
1026 4301 1144 4384 λαβεῖν
1166 4296 1262 4386 μυή-

100 4429 198 4492 σεως
219 4433 280 4500 pro
304 4407 544 4500 μαιεύσειις,
568 4409 653 4498 qnod
677 4433 738 4478 nos
765 4409 984 4496 restituimus,
1012 4409 1172 4496 scriptum
1195 4407 1263 4476 sit?
