2976 5028
688 251 934 368 ..2352-

231 468 400 543 ιιαντοίως
417 460 590 550 μαχόμενα
615 462 795 549 σομαλίξη,
818 475 937 548 συγχεῖ
956 461 1009 529 καί
1035 459 1193 548 ταράσσει
1216 459 1279 549 την
1300 463 1395 528 διδα-

232 576 374 640 σκαλίαν
397 572 435 639 ἐν
457 573 542 661 ugido
566 570 620 638 ιιαῖ
645 569 774 656 πολλὴν
797 566 944 656 άαορίαν
965 570 1099 658 παρέχει
1122 582 1194 650 τοῖς
1215 571 1395 654 ἐξελέγχειν

164 699 219 753 :uu
233 673 317 747 αὐτὰ
350 679 585 766 πειρωμένοις,
620 676 732 764 άσαερ
764 675 808 746 ἂν
841 682 872 746 εί
902 677 957 747 ιιαλ
988 678 993 766 Ι
1023 676 1113 746 οὕτω
1144 703 1195 758 τις
1227 686 1313 747 ειάοι
1345 703 1394 764 γε,

232 787 378 874 καταβὰς
401 785 472 856 άνω
497 788 551 856 καὶ
572 787 761 875 διαλεχθεὶς
783 789 829 877 τῷ
853 792 941 878 λίθῳ
964 787 1018 854 καὶ
1043 783 1189 866 πλεύσας
1212 783 1270 854 διά
1292 786 1395 874 μέσης

153 899 159 910 “
198 897 294 984 στῆς
314 895 436 982 πέτρας
457 892 619 964 ἀνελθεῖν
647 900 694 976 είς
716 894 778 964 τὸν
804 894 920 982 βυθὸν
941 898 1000 982 τῆς
1023 899 1152 982 λίμνης.
1197 891 1242 962 ἄν
1268 919 1303 962 τε
1331 893 1395 980 μὰρ

232 999 279 1082 ὦς
311 999 353 1071 ον’
385 1002 575 1089 καταβάντα
608 1005 780 1092 ὃιελέγχης
813 1004 955 1092 φάσκων
982 999 1089 1071 αὐτὸν
1117 998 1189 1069 ἅνω
1217 1002 1393 1088 βεβηκέναι

232 1108 272 1178 τά
291 1109 411 1196 πάντα,
433 1114 534 1180 τοῦτο
553 1108 636 1180 αὐτὸ
662 1111 774 1198 driaco
796 1111 897 1199 φησει
921 1111 977 1180 καὶ
1000 1107 1103 1190 αὐτὸς
1120 1109 1289 1196 εἰρηκέναι
1312 1108 1394 1176 κατὰ

231 1217 294 1286 τὸν
321 1217 426 1305 λόγον
450 1219 487 1286 έν
510 1221 555 1311 τῷ
579 1228 781 1308 προσθεῖναι
806 1219 843 1288 τὸ
868 1217 955 1304 ἄνω,
978 1217 1023 1286 iia
1046 1214 1097 1302 θ’,
1119 1215 1166 1296 ὥς
1189 1212 1305 1286 οὐδενί
1329 1221 1394 1282 διε-

232 1327 356 1413 λέχθη,
379 1326 432 1394 καὶ
458 1329 558 1395 τοῦτο
581 1330 738 1415 εἰρῆσθαι
762 1328 882 1414 φησει,
910 1324 1011 1396 ταύτὸ
1040 1325 1105 1414 γάρ
1133 1320 1219 1393 εἶναι
1244 1322 1284 1392 τὸ
1308 1329 1395 1416 λίθῳ

193 1457 219 1496 ιο
233 1435 449 1520 διαλέγεσθαι
473 1438 519 1526 τῷ
543 1435 626 1523 μηδὲ
651 1443 750 1529 λίθῳ,
773 1439 817 1527 τῷ
841 1442 930 1527 λίθῳ
958 1433 1023 1524 γάρ
1052 1431 1165 1513 οὐδεὶς
1196 1433 1394 1518 διαλέγεται,

232 1543 287 1610 ιιαλ
311 1535 415 1612 τᾶλλα
438 1539 547 1623 οὕτως
569 1540 699 1610 ἅπαντα
723 1547 927 1631 σοφιστικῶς
950 1542 1228 1630 ἐπανορθοῦσθαι
1254 1539 1394 1627 duvios-

121 1635 126 1640 *
204 1739 207 1748 y
232 1655 291 1719 σαί
310 1677 369 1730 τις.
410 1647 493 1720 ὥστε
517 1649 600 1718 κατά
624 1648 728 1739 ἀρχὰς
750 1649 857 1732 εὐθὺς
881 1655 935 1720 δεῖ
954 1647 1144 1736 άαοιλράναι
1170 1647 1283 1734 λόγων
1307 1645 1396 1726 eido,-

233 1757 409 1842 τοιούτων,
433 1757 470 1826 έν
492 1749 519 1850 ᾧ
543 1757 605 1846 χρὴ
629 1757 710 1839 τοὺς
733 1757 919 1840 ἀκούοντας
942 1756 1004 1846 οὐχ
1028 1754 1049 1826 ά
1073 1763 1268 1846 σημαίνεται
1294 1756 1394 1842 σννη-

233 1876 307 1948 θως
325 1863 385 1954 ὑφ’
408 1863 551 1934 ἑκάστου
569 1870 638 1936 τῶν
656 1863 845 1956 ὀνομάτων,
863 1865 1067 1954 μανθάνειν,
1086 1862 1171 1934 άλλίι
1189 1865 1286 1952 ἕτερα
1305 1863 1395 1932 ἄττα.

206 1978 389 2044 τιτοιοῦτον
413 1973 478 2061 γάρ
500 2000 531 2042 τι
555 1975 611 2042 καλ
635 1973 653 2043 ὁ
680 1975 874 2062 Χρύσιππος
896 1973 1042 2060 ἀξιώσει,
1065 1973 1204 2042 ἐπειδὰν
1226 1973 1290 2061 μὲν
1313 1971 1394 2040 duro

269 2206 286 2254 ‘2
309 2195 450 2268 άιιορείαν
474 2199 567 2254 b1.-
588 2199 766 2286 παρέχειν
758 2200 851 2256 l1.-
882 2209 898 2256 3
929 2219 990 2270 ηεοι
1015 2220 1058 2287 γε
1072 2217 1123 2269 pro
1148 2201 1222 2254 είαοι
1247 2218 1278 2269 ηε
1305 2203 1335 2255 t'
1361 2231 1391 2240 -

234 2270 484 2342 ιἰθιηλιίχθηςῦ
495 2299 538 2314 -
557 2267 634 2326 crito]
655 2290 704 2343 pro
723 2269 911 2328 uirbrCa-
880 2269 1134 2344 --μεμνηιιένιιιιΙ
1128 2271 1216 2326 unu
1235 2269 1390 2342 μεμενηκέ-

147 2387 153 2396 .
233 2363 281 2398 ναι
300 2345 321 2398 C
339 2343 383 2400 nl.
398 2343 471 2399 Just.
485 2343 729 2428 (ἷληΚβεβηιιένιιι
749 2361 811 2412 σοις
830 2345 865 2400 cl.
883 2331 964 2400 Proll.
980 2363 1027 2416 pp.
1043 2350 1076 2398 81
1093 2347 1123 2398 ct
1139 2351 1248 2398 l‘ll
1269 2349 1391 2398 lauru·

234 2410 351 2502 βάντα,ι
346 2415 475 2470 ΑΒΓΜ(
494 2411 529 2470 τά
548 2411 698 2482 αάνταΟ,
718 2417 806 2471 verbu
830 2413 863 2472 τά
888 2411 1036 2502 πάνια-
1060 2413 1206 2504 είρηιιέναι
1229 2432 1284 2471 our.
1303 2415 1393 2470 bl·-

233 2495 250 2542 8
273 2507 309 2542 τα
332 2483 393 2542 άνω
417 2485 451 2554 Ος
479 2487 513 2541 cf.
540 2487 675 2558 Proll.p.
701 2496 802 2544 8⁴.-
831 2483 973 2544 lrruo'rds
996 2489 1025 2542 C.
1045 2517 1081 2528 —
1104 2489 1160 2542 είτε
1186 2505 1237 2558 pro
1257 2507 1342 2555 ειναι,
1361 2491 1392 2540 u'c

234 2558 354 2624 ridetur
372 2559 402 2614 «3³.
424 2561 514 2613 roi
532 2507 703 2614 utrossp-
727 2567 755 2616 11
778 2556 865 2616 τάλλα
884 2558 1048 2616 ΜΑΒΟΙιΚ
1067 2551 1255 2615 terrac.-
1280 2565 1311 2614 12
1331 2531 1392 2614 decr

218 2604 438 2698 -llABCbli;'
430 2649 460 2686 ιο
478 2629 499 2684 O
518 2632 630 2688 litterae
649 2633 802 2700 erunidae;
821 2637 868 2690 σει·
885 2649 949 2698 ιιοι,
969 2631 1004 2688 cl.
1025 2631 1109 2688 Proll.
1129 2649 1156 2703 p.
1176 2639 1220 2686 ,ιθ
1242 2661 1273 2672 -

237 2761 453 2772 *nn——

234 2841 307 2927 quis
333 2863 409 2908 vero
435 2841 468 2908 in
496 2842 537 2906 iis
566 2841 665 2928 ipsis,
693 2865 775 2930 quae
799 2843 1005 2929 pronuntiat,
1038 2841 1205 2909 contraria
1232 2845 1266 2906 et
1295 2841 1394 2906 variis

235 2947 340 3014 modis
367 2949 456 3014 inter
479 2971 513 3014 se
537 2951 721 3036 pugnantia
745 2951 900 3034 conectit,
929 2951 1113 3018 doctrinam
1136 2949 1307 3018 confundit
1329 2953 1396 3014 tur·

235 3055 354 3142 batque
387 3078 606 3144 magnumque
639 3058 869 3126 difficultatem
905 3059 1101 3148 redarguere
1129 3082 1169 3126 ea
1200 3057 1394 3125 conantibus

234 3161 380 3248 exhibet,
411 3165 544 3250 perinde
574 3187 611 3232 ac
641 3167 669 3232 si
697 3167 769 3253 quis
801 3167 849 3233 ita
876 3167 979 3252 dicat,
1007 3189 1055 3252 se,
1082 3188 1156 3233 cum
1186 3189 1317 3232 sursum
1344 3165 1394 3231 dc-

234 3269 397 3338 scanderit
419 3273 663 3360 collocutusque
687 3296 761 3341 curu
788 3275 898 3361 lapide
925 3275 1026 3343 luerit
1048 3279 1146 3362 utque
1169 3296 1229 3360 per
1252 3272 1394 3340 medium

234 3401 349 3446 sorum
377 3379 597 3468 navigaverit,
625 3381 660 3448 in
687 3384 854 3470 gurgitem
883 3384 974 3452 lacus
1004 3383 1197 3450 ascendisse.
1244 3379 1279 3448 Si
1307 3381 1393 3448 enim

228 3487 335 3554 istum
360 3488 408 3553 ita
431 3486 626 3575 redarguere
650 3491 745 3574 velis,
770 3498 807 3556 ut
829 3490 861 3556 id
886 3514 1047 3579 opponas,
1071 3513 1145 3557 eum
1169 3491 1304 3558 omnino
1329 3511 1395 3556 sur·

233 3617 305 3663 sum
330 3595 446 3679 ivisse,
470 3595 503 3662 id
526 3597 635 3682 ipsum
658 3598 815 3664 nimirum
839 3621 874 3664 se
897 3621 1025 3687 quoque
1048 3598 1168 3668 dixisse
1192 3598 1396 3664 asseuerabit

126 3735 131 3744 ·
234 3703 334 3770 verbo
358 3703 417 3770 illo
441 3726 571 3772 sursum
594 3707 761 3793 apposito3
786 3707 814 3773 si
834 3709 1095 3796 eundem·ncges
1113 3729 1187 3774 cnm
1206 3705 1275 3772 ullo
1294 3705 1394 3771 collo-

234 3814 345 3878 cutum
382 3833 470 3898 esse,
503 3835 537 3878 se
570 3811 632 3880 hoc
664 3837 793 3901 qnoque
826 3817 1031 3904 significasse
1063 3814 1286 3904 respondebit3
1320 3837 1393 3880 curn

234 3919 342 4007 lapide
366 3921 453 3986 enim
477 3922 620 4008 colloqui
649 3923 734 3990 idem
759 3947 830 3990 esse
854 3947 893 3992 ac
919 3948 987 4014 non
1014 3924 1171 4011 colloqui,
1199 3945 1274 3990 cum
1297 3944 1394 3988 neruo

233 4049 308 4094 cum
331 4029 440 4115 lapide
464 4029 685 4116 colloquatur,
708 4037 742 4096 et
765 4033 892 4120 reliqua
914 4033 1017 4100 simili
1040 4032 1138 4100 modo
1169 4031 1394 4118 sophistarum

234 4158 324 4204 more
348 4139 471 4222 poterit
493 4137 703 4225 interpretari
728 4161 766 4206 ac
794 4142 888 4208 tueri.
935 4142 1095 4221 Quocirca
1123 4141 1239 4206 statim
1263 4162 1283 4205 a
1305 4139 1394 4224 prin·

234 4245 322 4332 cipio
346 4267 428 4330 opus
454 4247 559 4312 estid
583 4267 686 4334 gerurs
710 4247 847 4334 dicendi,
871 4251 994 4337 inquo
1017 4271 1083 4317 nou
1106 4250 1154 4334 id,
1183 4248 1270 4335 quod
1294 4247 1394 4314 rerbo

235 4353 414 4440 sigtrilioari
434 4355 529 4440 uolet,
552 4355 609 4421 sed
629 4357 717 4422 aliud
737 4357 892 4444 quiddam
912 4357 1166 4444 intellegendum
1187 4359 1243 4432 sit,
1262 4357 1394 4424 evitare.
