2978 5030
678 287 928 356 ..700-

222 445 317 516 ‘mir
349 445 388 516 τὸ
421 451 514 516 ίνίον
545 456 624 515 είσι
657 444 770 532 ίίσιες,
802 445 977 537 ἄσθματα,
1009 444 1195 526 λιθιιίσιες,
1229 448 1403 535 ἕλμινθες

222 554 450 643 ’στρογγύλαα
468 551 658 639 danaprin.
679 551 936 642 ἀκροχυρὸόνες,
956 553 1212 640 [σατυριιὶσειςῙ.
1233 556 1403 642 χοιράδες

223 665 504 751 ’[στραγγουρίαι]
524 663 576 730 καί
593 653 696 730 τᾶλλα
711 663 859 752 φύματα,
877 661 1020 752 μάλιστα
1035 662 1073 730 σὲ
1086 660 1128 730 τὰ
1143 666 1401 750 προειρημεία·

223 771 323 838 ’τοῖσι
351 769 388 837 δὲ
417 775 465 838 ἔτι
492 770 746 855 πρεσβυτέροισι
774 773 829 838 καὶ
854 769 938 854 πρὸς
965 768 1028 856 τὴν
1058 767 1145 858 ἡβην
1171 769 1398 856 προσάγουσι

197 877 384 945 ε’τουτίων
415 903 449 945 τε
476 879 518 944 τὰ
544 876 652 944 πολλὰ
685 877 740 944 καὶ
772 879 909 964 πυρετοί
941 875 1072 966 χρόνιοι
1106 880 1241 963 μᾶλλον
1269 879 1333 943 καὶ
1366 881 1402 944 ἐκ

225 985 344 1070 ’βινῶν
366 987 505 1072 αἳματος
528 983 650 1070 ῥύσιες.
684 983 726 1053 τὰ
749 985 786 1054 tt
809 994 947 1055 πλεῖστα
969 1001 1058 1054 τοῖσι
1080 987 1248 1053 παιόίοισι
1276 984 1400 1052 πάθεα

225 1094 384 1178 ’κρίνεται
416 1091 456 1160 τὰ
484 1091 548 1182 μὲν
575 1094 613 1160 ἐν
642 1093 889 1178 τεσσαράκοντα
915 1091 1071 1182 ἡμέρῃσι,
1097 1090 1139 1160 tir
1168 1091 1206 1159 oi
1237 1093 1281 1160 ἐν
1313 1093 1400 1160 ἑπτα

224 1199 329 1287 εμησί,
351 1199 392 1268 τὰ
416 1200 452 1270 ὑὲ
473 1201 511 1268 ἐν
529 1199 610 1269 ἑπτὰ
629 1205 726 1284 ἔτεσι,
750 1199 789 1269 τὰ
810 1201 847 1269 bt
865 1200 951 1287 πρὸς
967 1199 1031 1288 τὴν
1052 1199 1137 1287 ἡβην
1156 1199 1400 1286 προσάγουσι·

224 1302 300 1373 ’ὅσα
328 1306 365 1374 δὲ
393 1303 437 1376 ἆυ
465 1312 619 1398 ὸιαμείνη
650 1323 736 1376 τοῖσι
770 1313 935 1376 παιὸιόισι
964 1308 1017 1376 καί
1047 1306 1093 1395 μὴ
1122 1303 1286 1396 ἀπολυθῇ
1318 1311 1397 1392 περὶ

185 1436 210 1476 ιο
224 1411 273 1480 ’τὸ
303 1409 463 1502 ἡβάσκειν
491 1411 510 1502 ἡ
538 1431 623 1484 τοῖσι
656 1415 773 1502 θήλεσι
801 1417 876 1501 περὶ
905 1414 964 1496 τὰς
995 1419 1064 1485 τῶν
1087 1422 1315 1508 καταμηνίων
1342 1417 1400 1502 ῥιζ-

224 1521 323 1606 ‘oue
346 1529 514 1610 χρονίζειν
535 1533 650 1592 είωθε·
674 1539 760 1591 τοῖσι
786 1523 821 1592 tl
847 1531 1053 1611 νεηνίσκοισι
1077 1527 1217 1611 αἳματος
1239 1522 1401 1602 πτύσιες.

224 1630 388 1712 ’φθίσιες,
411 1632 547 1719 πυρετοὶ
572 1629 676 1714 ὀξέες,
705 1633 874 1718 ἐπιληψίαι
899 1633 953 1700 καὶ
979 1623 1082 1700 τᾶλλα
1106 1629 1303 1718 νοσὴματα,
1337 1631 1400 1718 μα’·

225 1737 332 1804 ’λιστα
356 1738 392 1805 δὲ
416 1736 456 1806 τὰ
475 1741 712 1826 προειρημένα·
736 1753 822 1807 τοῖσι
847 1738 885 1807 δὲ
909 1737 993 1826 ὑπὲρ
1015 1739 1080 1828 τὴν
1101 1736 1235 1826 ἡλικίην
1259 1738 1400 1826 ταύτην

225 1839 405 1930 ’ἄσθματα
427 1849 646 1933 πλευρίτιδες,
668 1853 957 1935 περιπνευμονίαι,
980 1845 1160 1936 λὴθαργοι.
1183 1851 1400 1932 φρενίτιὸες.

263 2031 276 2080 1
302 2019 334 2080 τὸ
354 2041 409 2080 om.
428 2025 508 2080 codd.
529 2025 592 2080 edd.
618 2056 652 2066 -
677 2028 757 2081 freon
775 2027 814 2081 bl.
834 2059 866 2067 —
892 2029 942 2082 ι’σω
961 2022 1042 2090 ἇσιες
1060 2027 1099 2083 M.
1116 2057 1152 2067 -
1175 2019 1341 2094 ἄσθματα
1362 2028 1398 2082 bl.

227 2128 259 2138 -
286 2098 351 2150 λίαν
369 2093 449 2160 ιῖσιες
474 2116 525 2168 pro
548 2093 689 2160 λιθιιίσιες
710 2099 745 2153 ll.
767 2129 799 2140 -
825 2095 1041 2164 ἓσιιτυριιίσεις
1059 2098 1137 2152 uncis
1156 2097 1343 2152 inclusimus.
1367 2130 1398 2140 -

225 2176 241 2223 3
266 2173 467 2238 στραγγουριάι
490 2187 554 2224 unc.
578 2171 643 2224 incl.
666 2201 702 2210 -
731 2171 816 2226 rerba
843 2167 964 2243 μάλιστα
993 2169 1025 2225 (li
1050 2167 1084 2225 τὰ
1108 2171 1308 2239 προειρημένα
1341 2188 1398 2224 om

225 2239 305 2296 codd.
326 2241 388 2296 edd.
414 2273 445 2281 -
472 2237 542 2296 5τὰ
562 2259 616 2296 om.
636 2243 717 2297 corltl.
736 2243 800 2297 edd.
825 2273 857 2282 -
885 2249 917 2298 10
937 2237 1109 2313 ταταμήτων
1128 2241 1164 2296 tl.
1190 2272 1224 2282 -
1254 2249 1290 2296 1³
1317 2242 1396 2310 είρη-

225 2311 299 2382 μίνα
318 2311 399 2368 codd.
418 2313 481 2368 edd.
502 2345 533 2355 -
557 2321 590 2368 14
609 2309 747 2384 ἄσθματα
766 2332 820 2370 om.
840 2314 921 2370 codd.
940 2314 1004 2369 edd.
1025 2343 1058 2354 -

224 2433 438 2444 —-——-..—-

227 2495 331 2580 bent3
364 2501 404 2560 at
431 2495 499 2561 ubi
528 2501 640 2560 aetus
669 2496 826 2581 paulum
859 2497 1071 2582 prooessit,
1103 2495 1323 2582 glandulae
1357 2512 1396 2560 et

226 2603 449 2687 vertebrae,
477 2603 637 2688 quaein
661 2605 853 2690 occipitio
877 2609 950 2688 est,
973 2605 1189 2670 introrsum
1214 2604 1394 2670 inclina·

226 2709 372 2794 tiones,
396 2711 685 2782 anlrelntiones.
709 2713 868 2797 calculi,
886 2712 1071 2778 lumbrici
1089 2711 1250 2778 rotundi
1276 2737 1395 2780 asen-

226 2816 423 2905 ridesque‚
461 2843 646 2886 verrucae
681 2821 903 2906 [satyriasesh
940 2823 1113 2885 strumae
1147 2821 1391 2906 [stranguriael

226 2929 265 2990 et
288 2925 367 2992 alia
396 2927 602 2994 tubercula
626 2929 818 3006 oriuntur,
846 2928 1010 2994 maxime
1035 2933 1163 2994 autern
1187 2928 1216 2992 ii
1241 2931 1392 2998 morbi.

226 3055 322 3119 quos
350 3038 465 3099 antea
493 3035 673 3102 diximus.
725 3037 796 3112 Qui
826 3041 954 3102 autem
983 3041 1116 3100 aetate
1145 3037 1271 3121 magis
1302 3059 1392 3122 pro-

227 3143 330 3206 vecti
359 3146 510 3208 suntet
538 3144 613 3208 iarn
643 3144 686 3208 nd
711 3147 958 3229 pubertatem
988 3143 1193 3224 accedunt,
1221 3143 1273 3206 iis
1303 3165 1390 3210 enm

226 3247 385 3332 plurimi
406 3272 449 3315 er
473 3250 534 3315 lris
554 3251 692 3336 morbi,
716 3257 796 3318 tum
819 3251 950 3316 febres
969 3250 1178 3315 diuturnae
1202 3251 1331 3336 magis
1353 3264 1389 3316 et

227 3358 432 3442 sauguinis
456 3383 473 3423 e
496 3360 657 3425 naribus
682 3383 817 3426 enrsns
842 3358 1039 3424 accidunt.
1086 3357 1268 3442 Plerique
1295 3381 1390 3424 reru

228 3486 433 3548 puerorum
470 3468 594 3532 morbi
634 3468 704 3532 alii
739 3469 844 3533 intra
877 3459 1140 3552 qnadraginta
1178 3463 1275 3544 dies,
1314 3465 1390 3530 alii

227 3571 334 3637 intra
358 3579 508 3659 septem
532 3598 700 3657 menses,
728 3575 797 3640 alii
822 3575 927 3640 intra
954 3579 1106 3658 septem
1134 3593 1274 3652 annos,
1304 3571 1389 3657 qni·

227 3677 312 3744 dnm
336 3681 454 3747 etiarn
484 3683 529 3748 ad
553 3683 688 3768 pubem
715 3682 938 3768 progressis
963 3680 1209 3747 adducuntur
1236 3679 1279 3744 in
1308 3679 1387 3744 dis-

228 3787 385 3872 crimen3
413 3791 478 3874 qni
506 3795 634 3856 tumen
663 3813 731 3876 per
758 3790 969 3876 pueritiam
999 3791 1225 3854 manserunt
1250 3808 1296 3852 uc
1326 3809 1388 3851 ne·

228 3916 298 3980 que
325 3895 498 3962 maribus
527 3899 628 3964 eirea
659 3899 905 3983 pubertatem
938 3919 1060 3981 neque
1087 3895 1248 3961 leminis
1277 3895 1387 3960 cirea

229 4008 432 4070 menstrua
467 4006 591 4090 prima
628 4006 738 4071 finiti
777 4011 880 4090 sunt,
912 4007 1043 4071 solent
1075 4004 1386 4072 inveterascere:

227 4111 547 4178 adulescentibus
568 4113 772 4199 sanguinis
793 4101 922 4197 sputu‘,
941 4112 1066 4194 tabes,
1084 4111 1213 4176 febres
1232 4117 1387 4182 acutae.

227 4220 452 4286 comitiales
477 4221 677 4306 ceterique
703 4221 843 4305 morbi,
871 4221 1037 4286 maxime
1061 4223 1192 4284 nutem
1216 4217 1260 4300 ii,
1288 4240 1385 4304 qnos

228 4329 344 4392 auten
362 4327 546 4412 diximns3
565 4335 655 4413 post
674 4326 771 4394 banc
787 4333 956 4394 aetutem
975 4325 1266 4408 unhelutionea‚
1284 4325 1384 4393 late·
