3018 5036
696 275 942 344 ..720-

189 455 193 460 ·
236 436 300 502 τοῦ
330 430 514 513 Πλάτωνος
546 432 710 532 ἐλέγχεται
743 433 798 502 καὶ
835 431 887 502 ότι
919 430 1001 522 μετὰ
1032 431 1096 520 την
1127 431 1298 521 συστολὴν
1328 437 1409 502 τῶν

237 537 407 629 ἀρτηριῶν
442 542 544 629 ἐχρῆν
582 539 710 621 εὐθέως
742 543 906 624 είσπνολν
940 545 1113 628 γίνεσθαι,
1150 539 1232 630 μετὰ
1265 541 1303 611 δέ
1335 540 1410 632 τὴν

237 643 387 736 ἐκπνοὴν
409 645 537 730 εὐθέως
565 647 748 736 διαστολὴν
774 651 844 718 τόν
867 645 1047 738 ἀρτηριῶν.
1092 655 1248 736 φαίνεται
1273 650 1312 720 δέ
1335 647 1407 740 οὐχ

237 753 326 826 οὕτω
350 761 551 844 σνμβαίνον,
574 753 659 826 ἀλλά
683 755 743 824 ε’ίιν
762 755 961 844 θελήσωμεν
980 758 1127 844 ἐπισχεῖν
1149 757 1267 826 πλεόνι
1285 757 1408 852 χρόνῳ

209 862 301 953 actv
323 861 511 953 iversarius,
535 863 663 946 εὐθέως
681 868 719 932 αί
740 861 895 952 ἀρτηρίαι
918 862 998 953 μετά
1018 867 1077 952 τῆς
1098 867 1240 950 καρδίας
1262 870 1409 935 κινοῦν-

237 999 301 1042 ται.
346 974 401 1042 καλ
425 974 541 1062 μέντοι
567 973 622 1042 καὶ
651 974 904 1042 διαστέλλονται
933 971 996 1060 μὶν
1023 969 1251 1041 είσπνεόντων
1278 973 1408 1058 ἐνίοτε,

237 1081 473 1150 συστέλλονται
498 1080 534 1148 δὲ
559 1079 770 1150 ἐκπνεόντων
793 1080 849 1148 καὶ
872 1079 955 1150 κατὰ
978 1083 1057 1170 μιᾶς
1074 1076 1248 1169 ἀναπνοῆς
1269 1081 1408 1168 χρόνον

238 1185 371 1270 ἑπτάκις
398 1183 418 1276 ἢ
447 1183 580 1270 ὀκτάκις
611 1183 631 1276 ἢ
659 1190 714 1257 καί
743 1185 876 1268 ὸεκάκις
903 1185 923 1274 ἡ
952 1194 1074 1276 καρδία
1101 1188 1273 1278 μετὰτῶν
1297 1185 1407 1278 ἀρτη-

237 1299 324 1383 ριῶν
345 1301 501 1382 φαίνεται
525 1295 784 1384 διαστελλομένη
807 1321 842 1364 τε
865 1295 920 1364 καὶ
940 1297 1196 1386 συστελλομένη.
1233 1293 1318 1366 ἀλλά
1342 1299 1406 1366 καὶ

198 1399 340 1483 ιοαότὸς
362 1399 380 1472 ὁ
404 1406 463 1491 τῆς
485 1402 674 1492 περιόσεως
697 1404 798 1492 λόγος
820 1403 958 1484 ἄτοπος·
986 1401 1052 1474 ὑπὸ
1081 1403 1146 1494 γὰρ
1169 1409 1230 1494 τῆς
1252 1406 1405 1494 ἐκπνοῆς
1464 1447 1469 1458 ·

237 1509 545 1599 περιελαυνόμενον
580 1509 642 1582 τὸν
679 1509 763 1598 ἀέρα
799 1513 963 1604 φέρεσθαι
1001 1511 1104 1580 πόλιν
1141 1517 1207 1580 ἐσω
1245 1511 1302 1582 aa&
1336 1518 1406 1583 τοῦ

174 1635 228 1694 ua
239 1619 404 1706 δέρματος
437 1615 499 1688 οὐκ
533 1616 738 1710 ἀναγλκαῖον.
793 1621 957 1708 ἑπομένης
989 1618 1055 1708 γὰρ
1090 1623 1149 1708 τῆς
1182 1620 1327 1708 ἐκπνοῆς
1359 1626 1404 1710 τῇ

238 1731 383 1818 συστολῇ
411 1731 481 1795 τῶν
508 1724 785 1797 ἀναπνευστικών
814 1727 922 1816 ἐκείνη
951 1731 991 1818 τη
1019 1731 1165 1820 συστολῂ
1194 1724 1404 1798 ἀκολουθῶν

237 1829 256 1902 ὁ
288 1836 545 1924 περικεχυμένος
577 1833 657 1924 ἡμῖν
689 1832 754 1924 ἀὴρ
788 1835 902 1924 χώραν
932 1836 1066 1924 παρέχει
1098 1839 1143 1928 τῷ
1177 1837 1402 1930 έκπνεομένῳ.

197 1964 223 2005 rs
237 1937 289 2010 ὅτι
314 1941 350 2010 δέ
374 1941 429 2010 κοιλ
452 1933 571 2028 τᾶλλα,
600 1941 663 2012 ὅσα
686 1943 749 2032 την
772 1940 878 2030 ὁλκὴν
900 1939 1052 2032 ἀναιρῶν
1080 1939 1172 2011 εἶπεν
1194 1939 1213 2012 ό
1239 1943 1402 2028 Πλάτων,

237 2043 369 2129 ἀτόπως
392 2050 642 2139 ἐπικεχείρηται,
665 2050 748 2120 κατὰ
772 2051 835 2138 την
857 2050 1014 2138 ἐξήγησιν
1038 2044 1152 2118 αὐτόν
1174 2049 1351 2139 εἰρήσεται.

272 2292 290 2341 4
307 2281 522 2357 detrimenti.
542 2317 574 2328 -
595 2281 648 2344 ἐπ.
661 2330 667 2344 .
678 2294 739 2358 χείν
753 2287 791 2342 u.
808 2317 839 2327 -
861 2292 877 2341 9
896 2304 925 2342 τε
945 2284 995 2340 καλ
1013 2283 1218 2356 συστελλομένη
1237 2303 1292 2342 om.
1307 2285 1343 2342 Μ.
1362 2319 1400 2328 -

241 2363 274 2413 12
293 2357 343 2428 τῆς
362 2359 481 2428 συστολῖη
501 2359 537 2414 Μ.
558 2389 591 2400 -

238 2617 310 2661 esse
324 2595 530 2663 convincitur
544 2599 578 2662 et
596 2595 679 2682 ideo,
697 2595 784 2683 quod
799 2597 989 2682 sequeretur
1007 2597 1084 2680 post
1103 2593 1300 2662 arteriarum
1318 2617 1399 2663 con·

237 2704 433 2770 tractionem
466 2704 620 2771 continuo
653 2703 905 2790 inspirationem
936 2701 1008 2768 fieri
1036 2723 1169 2768 necesse
1199 2724 1285 2788 esse,
1318 2711 1400 2790 post

237 2811 490 2897 exspirationem
528 2811 619 2879 illico
656 2812 851 2878 arteriarum
889 2809 1131 2877 distentionem.
1190 2809 1292 2898 Atqui
1324 2833 1397 2878 rem

234 2942 302 2987 non
326 2920 374 2986 ita
396 2920 526 2986 evenire
550 2923 697 3006 apparet,
721 2919 787 3002 sed,
811 2919 839 2984 si
858 2919 998 2985 velimus
1026 2918 1079 2984 rel
1106 2917 1229 2984 diutius
1257 2920 1399 3004 respira-

235 3028 360 3094 tionem
383 3027 544 3112 cohibere,
568 3030 681 3094 statim
705 3029 845 3094 arteriae
869 3049 943 3094 cum
967 3026 1063 3093 corde
1088 3027 1265 3112 agitantur.
1308 3027 1398 3106 Quin

236 3135 393 3202 etiamst
423 3135 650 3202 distenduntur
678 3135 856 3220 interdum,
887 3135 965 3202 dum
998 3133 1197 3201 attrahimus
1230 3135 1399 3221 spiritum,

236 3247 270 3308 et
292 3242 540 3330 contrahuntur,
563 3245 640 3310 dum
664 3244 844 3326 reddimus,
867 3248 964 3330 atque
988 3243 1023 3308 in
1046 3241 1142 3308 unius
1165 3241 1397 3328 respirationis

236 3373 329 3418 mora
351 3373 408 3418 cor
431 3373 496 3418 una
520 3374 593 3418 cum
617 3351 747 3417 arteriis
776 3351 915 3418 distendi
941 3355 974 3416 et
997 3349 1147 3418 contrahi
1173 3349 1317 3435 septiens
1340 3347 1397 3414 rel

236 3461 362 3526 octiens
385 3461 437 3526 rel
461 3459 590 3526 deciens
615 3463 753 3526 constat
799 3459 891 3525 Adde
914 3459 1001 3546 quod
1029 3459 1103 3544 ipsa
1126 3455 1397 3524 circumactionis

236 3567 321 3634 ratio
359 3567 501 3634 absurda
534 3573 597 3654 est3
632 3590 710 3634 nam
746 3567 968 3652 exspiratione
1013 3567 1247 3632 circumactum
1285 3569 1396 3631 aerem

235 3697 347 3740 rursus
370 3697 429 3761 per
452 3681 559 3743 cutem
584 3677 762 3742 introrsum
781 3674 859 3740 ferri
883 3697 949 3742 non
968 3674 1189 3740 necessarium
1212 3677 1273 3739 est
1309 3669 1395 3738 Cum

236 3783 324 3850 enirn
346 3785 604 3852 contractionem
627 3785 920 3850 instrumentorum
949 3781 991 3848 ad
1018 3781 1270 3867 respirationem
1293 3779 1395 3865 perti·
1469 3797 1470 3816 ³

234 3891 384 3958 nentium
423 3899 578 3978 sequatur
614 3891 807 3978 exspiratio,
843 3891 935 3958 illam
973 3893 1103 3956 secutus
1136 3893 1205 3974 air,
1243 3887 1300 3974 qui
1332 3909 1396 3951 uos
1468 3923 1469 3937 ι

236 3999 357 4086 ambit,
380 3999 489 4066 iocum
512 4001 649 4086 praebet
672 4001 717 4083 ei,
741 3999 826 4084 quod
851 3999 1046 4084 exspiratur.
1090 3995 1160 4063 Nec
1189 3995 1297 4062 ruinas
1320 3991 1396 4060 Pla-

236 4111 347 4176 tonem
375 4107 414 4172 de
444 4109 573 4191 ceteris,
605 4129 687 4194 quae
715 4107 948 4174 attractionem
976 4105 1095 4172 tollens
1123 4103 1220 4188 dixit,
1252 4101 1396 4170 absurde

236 4219 500 4302 argumentatum
534 4237 605 4280 esse
637 4216 672 4282 in
704 4215 911 4281 enarratione
948 4236 1061 4280 earum
1098 4233 1207 4278 rerum
1244 4235 1265 4278 a
1296 4210 1396 4280 nobis
1465 4263 1466 4293 ,

236 4321 370 4388 dicetur.
