2952 5022
702 241 944 307 -680-

177 398 354 487 οῖτμόνον
377 398 413 468 dt
437 397 474 468 τὸ
499 395 643 488 ἀερῶδες
666 400 897 526 στοιχεῖονιέν
919 413 989 478 τοῖς
1009 399 1013 486 t
1034 401 1103 466 τῶν
1133 397 1231 491 ζῴων
1257 398 1409 488 στόμασιν

245 504 361 594 ὁρᾶται
386 513 529 596 πλησίον
554 512 611 596 τῆς
630 507 752 576 ἑαυτοῦ
771 506 906 594 φύσεως
929 512 967 575 ἕν
989 534 1023 576 τε
1047 522 1121 588 ταῖς
1139 505 1339 587 ἀναπνοαῖς
1361 509 1408 574 καὶ

244 611 328 682 κατὰ
355 611 435 694 τοὺς
462 616 654 706 σφυγμούς,
688 613 750 704 ἤδη
780 613 815 683 111
845 612 910 684 actv
937 631 1007 696 τοῖς
1035 614 1233 704 παλμωόεσι
1264 614 1412 682 πάθεσιι

245 719 464 812 ἕμφνσὴμιισί
482 752 516 794 τε
540 725 593 793 καὶ
619 723 847 811 οι’111γ’μασιν’
829 749 866 792 εν
893 749 927 790 τε
955 738 1027 804 ταῖς
1054 723 1289 810 καλουμεναις
1319 751 1413 790 πνει

218 833 443 922 δματαὶσεσιν.
479 830 556 920 ίγόὲ
581 829 649 914 ἐξ
634 856 794 900 αταντων
810 858 880 900 των
897 829 1064 917 τεττάρων
1088 835 1273 916 στοιχείων
1293 853 1342 898 σι
1342 859 1412 918 τιμε

203 961 204 964 ’
245 967 324 1028 τρος
342 944 459 1028 κρᾶσις
482 939 638 1028 ἐγέννησε
663 937 699 1006 τὸ
720 933 854 1024 ἀκριβὲς
877 931 967 1025 αἷμα.
1008 939 1063 1006 καὶ
1087 937 1226 1026 βέλτιόν
1248 939 1350 1006 ἐστιν
1369 941 1412 1006 ε’τέ

245 1052 315 1120 τῶν
334 1053 450 1138 χυμῶν
464 1049 584 1134 λέγειν,
604 1044 687 1132 ἅπερ
706 1041 724 1113 ὁ
741 1043 886 1112 Πλάτων
905 1046 955 1113 ἐπὶ
976 1050 1044 1114 τῶν
1059 1051 1241 1133 στοιχείων
1259 1049 1416 1131 ἔγραψεν.

246 1153 331 1226 111111
354 1153 372 1226 ὁ
388 1153 607 1241 Ἱπποκράτης
625 1151 795 1240 προειπών
815 1150 862 1220 ‘tt
883 1152 920 1220 dt
940 1155 1034 1240 σῶμα
1053 1155 1115 1220 τοῦ
1134 1149 1341 1238 ἀνθρώπου
1359 1159 1414 1240 ε’χει

247 1265 285 1332 ἐν
299 1262 412 1354 ἑωυτῷ
432 1257 513 1350 αἷμα
531 1262 586 1330 καὶ
606 1262 736 1350 φλέγμα
756 1260 811 1327 καὶ
830 1259 933 1348 χολὴν
948 1259 1082 1346 ξανθήν
1099 1286 1134 1328 τε
1154 1260 1211 1326 καὶ
1233 1259 1414 1346 μέλαιναί

208 1394 233 1434 ιο
248 1372 366 1458 ἐφεξῆς
388 1389 470 1458 φησι
496 1369 560 1438 εκαὶ
586 1367 642 1436 διὰ
660 1371 764 1436 ταῦτα
788 1361 896 1453 ιὲλγεέι
921 1368 976 1434 καὶ
1000 1363 1165 1453 ὑγιαίνεί.
1202 1367 1244 1436 τὸ
1273 1370 1344 1456 μὲν
1368 1367 1416 1437 111-

248 1477 315 1564 γέει
339 1473 421 1544 κατὰ
446 1473 564 1563 ἐξοχὴν
591 1474 739 1564 μεγάλαν
769 1473 955 1562 νοσήματος
978 1475 1029 1542 ε’ττὶ
1053 1473 1194 1542 πάντων
1223 1480 1304 1545 τῶν
1335 1477 1417 1564 παρὰ

248 1581 355 1670 φύσιν
377 1581 550 1666 τάσσεται,
573 1581 610 1650 τὸ
636 1581 672 1650 dt
697 1579 840 1668 ὑγιαίνει
865 1580 947 1649 κατὰ
971 1581 1033 1669 τὴν
1055 1579 1139 1666 πρὸς
1161 1580 1206 1649 τὰ
1237 1585 1341 1673 παρὰ
1366 1587 1419 1674 pet

248 1711 305 1758 σιν
322 1686 499 1758 ἀντίθεσιν
517 1689 634 1758 πάντα.
667 1687 804 1758 κᾶπειτα
827 1689 929 1758 πάλιν
948 1690 1075 1777 ἐφεξῆς,
1099 1685 1193 1769 ὅπως
1217 1691 1292 1778 μὲν
1317 1692 1418 1780 ὑγιαί·

250 1823 310 1885 νει,
333 1793 502 1864 ὁιὸτὶσκων
520 1804 626 1883 φησίν
645 1794 801 1884 ’ὑγιαίνει
820 1796 883 1884 μὶν
906 1787 969 1864 οὖν
988 1793 1142 1884 μάλιστα,
1166 1794 1261 1866 ὅταν
1283 1811 1421 1888 perpetue

210 1911 306 1994 ιεέχῃ
330 1907 434 1972 ταῦτα
456 1902 540 1991 πρὸς
563 1901 690 1992 ἄλληλα
717 1903 856 1992 κρήσιας
878 1905 932 1972 καὶ
963 1903 1127 1992 δυνάμιος
1156 1907 1215 1972 καὶ
1248 1913 1321 1978 τοῦ
1350 1911 1419 1998 atp'-

248 2023 330 2094 θεος
352 2013 406 2081 καὶ
431 2011 573 2101 μάλιστα
596 2011 782 2118 μεμιγμένα
804 2003 840 2102 ᾖ]
880 2017 955 2080 τίνα
978 2015 1097 2090 ταῦτα;
1132 2008 1247 2080 οὔτὰ
1275 2033 1419 2106 στοιχεῖα

288 2249 468 2316 ἱστοιχείων
493 2246 587 2303 Μ.-
613 2241 802 2332 1οίδίμαοίν
826 2242 943 2300 ἔστιν
927 2265 958 2301 εν
982 2265 1011 2300 τε
1036 2245 1116 2301 codd.
1136 2243 1247 2302 edu!
1229 2267 1320 2306 εστιν
1345 2255 1417 2309 eieri

251 2339 327 2385 mum
346 2320 381 2375 et'.
400 2317 525 2388 Prolt.p
528 2325 615 2375 ,7.11
637 2350 668 2359 -
695 2285 824 2389 ίεαντῷ
844 2317 924 2375 codd.
944 2313 1043 2372 edd.
1028 2318 1123 2373 εοατώ
1145 2335 1208 2372 nos.
1231 2351 1270 2361 -
1304 2331 1337 2379 13
1357 2320 1418 2390 ὅπερ

251 2389 414 2464 μ1ν11,-
437 2397 469 2444 15
490 2337 548 2459 ἔχει
567 2373 946 2460 111-α11ηλαδνναοεως
964 2389 1045 2444 codd.
1065 2377 1127 2444 edd.
1147 2383 1212 2447 ἄλλ.
1232 2391 1362 2464 κρήσιας
1379 2419 1418 2452 ιαι

252 2457 392 2534 δυνάμιος
411 2459 491 2516 Cora.
514 2491 547 2503 -

251 2665 333 2731 lium
357 2662 548 2748 corporibus
568 2663 729 2730 cernimus
755 2664 794 2729 ad
819 2687 909 2730 suam
928 2667 1081 2730 naturam
1104 2663 1266 2732 accedere
1293 2673 1368 2736 tum
1390 2673 1417 2736 ia

252 2769 534 2857 respirationibus,
558 2775 628 2836 tum
652 2771 685 2837 in
705 2771 866 2856 pulsibus,
889 2771 966 2858 quin
992 2770 1091 2835 etiam
1116 2770 1152 2835 in
1172 2771 1418 2844 affectionibus.

252 2901 335 2964 quae
360 2877 610 2964 palpitationem
634 2879 771 2964 habent,
796 2885 829 2944 et
851 2878 1075 2945 inflationibus
1100 2901 1138 2944 ao
1163 2880 1364 2950 tumoribus
1386 2909 1417 2950 ae

252 2985 400 3062 flatibus
424 3007 505 3069 quos
531 2986 697 3071 appellare
726 2987 841 3053 solent.
888 2984 1079 3072 :tequabilis
1105 2990 1216 3052 autem
1244 3011 1288 3052 ex
1321 2994 1417 3057 omni·

253 3092 314 3157 bus
352 3097 508 3177 quattuor
544 3093 714 3160 elementis
756 3093 950 3178 temperatio
992 3094 1174 3178 perfeetum
1217 3101 1415 3184 sanguinem

253 3203 343 3266 creat
375 3199 555 3286 meliusque
588 3207 638 3266 est
670 3202 708 3267 de
741 3202 934 3270 humoribus
966 3201 1088 3286 dicere,
1123 3223 1208 3286 quae
1242 3202 1350 3273 Plato
1382 3208 1414 3271 de

253 3306 423 3374 elementis
443 3308 586 3394 scripsit.
625 3307 749 3376 Verum
768 3309 988 3396 Hippocrates
1012 3331 1086 3374 curn
1110 3309 1252 3374 dixisset
1279 3311 1417 3400 ‘Carpo

254 3413 398 3481 hominis
422 3417 524 3482 habet
547 3417 580 3481 iu
605 3440 638 3510 ae
663 3417 855 3503 sanguinem
881 3419 913 3481 et
937 3415 1091 3500 pituitam
1116 3421 1149 3481 et
1168 3415 1273 3484 bilem
1298 3423 1417 3488 flavam

153 3553 158 3564 ·
254 3525 288 3587 et
310 3521 438 3605 atram’,
461 3523 613 3608 deinceps
634 3524 743 3610 pergit
766 3523 882 3610 ‘iisque
907 3524 1091 3606 aegrotatio
1114 3523 1254 3591 debetur
1274 3535 1310 3594 et
1337 3533 1417 3598 sani·

255 3627 328 3694 tas'.
374 3628 569 3716 Aegrotatio
594 3654 653 3716 per
677 3633 888 3698 eminentiam
912 3629 1023 3717 magni
1047 3631 1154 3698 morbi
1183 3633 1222 3698 de
1253 3639 1418 3705 omnibus.

255 3757 338 3822 quae
375 3741 504 3821 praeter
541 3743 694 3804 naturam
732 3745 821 3824 sunt,
859 3743 1048 3823 usurpatur,
1086 3741 1213 3806 sanitas
1253 3748 1417 3812 contrarie

255 3843 394 3908 refertar
427 3843 467 3910 ad
498 3846 622 3931 omnia,
655 3870 737 3932 quae
766 3851 895 3969 praeter
921 3849 1075 3912 naturam
1104 3852 1189 3911 sunt
1242 3851 1418 3938 Deinceps

255 3972 319 4037 quo
347 3951 445 4018 modo
470 3975 587 4036 eorpus
612 3977 727 4020 sanum
751 3956 808 4038 sit,
782 3954 984 4022 tdocetit
993 3951 1117 4019 u‘Ao
1142 3977 1262 4023 sannm
1285 3961 1416 4045 quidem

256 4061 307 4122 est
334 4057 489 4142 maxime,
522 4082 595 4126 eum
623 4061 704 4127 haee
731 4007 935 4130 moderatam
968 3977 1055 4127 iiiter
1082 4083 1116 4126 se
1144 4067 1218 4130 tum
1248 4065 1417 4146 facultate,

255 4165 326 4230 tum
359 4111 568 4232 multitidine
607 4169 877 4254 temperationem
915 4170 1038 4238 habent
1076 4171 1109 4234 et
1145 4170 1252 4238 mixta
1293 4177 1414 4262 optime

256 4269 352 4336 sunt'
399 4270 567 4349 Quaenam
595 4275 697 4341 haee?
743 4275 819 4344 Non
848 4275 1009 4345 elementa
1032 4277 1204 4364 nimirum,
1234 4282 1308 4369 sed,
1337 4307 1414 4371 quae
