3018 5036
695 215 939 284 ..753-

234 407 302 448 τυυ
320 374 522 465 ἀπόσπασμα
542 373 625 444 κατὰ
645 373 682 444 τὸ
703 371 876 463 ἀκράμιον
899 372 1059 460 ἐχόντων,
1071 369 1167 440 ,ὥστε
1192 378 1389 458 συγχεῖσθαι

234 485 316 556 κατά
339 489 438 554 τοῦτο
462 483 525 572 τὴν
562 481 749 570 διάγνωσιν
784 487 853 551 των
889 480 1154 568 έξαρθριμμάτων
1190 485 1239 558 εἰς
1275 474 1392 546 κοινὸν

234 609 374 684 σημεῖον
398 591 653 680 ἀφικνουμένην
666 606 735 672 τοῖς
749 589 1006 678 ἀπεσπασμένον
1024 593 1137 674 έχουσι
1158 587 1195 655 τὸ
1212 585 1392 674 ἀκρόμιον.

234 699 317 772 ἀλλά
340 699 516 770 κάνταῦθα
539 697 654 786 πάλιν,
682 697 763 785 ὅπερ
790 697 942 767 καθόλου
966 692 1022 764 ὁιά
1046 697 1108 762 τοῦ
1130 693 1214 762 κατά
1244 700 1391 782 ιἰμρεῖον

206 806 440 896 οάπεφὴνατο,
462 810 563 874 τοῦτο
588 809 653 874 νῦν
676 802 729 891 ἐφ’
757 803 833 885 ἑνὸς
855 809 968 885 εῖοους
991 804 1147 890 ἐποίησεν
1166 803 1331 884 έπιὸεέξττς
1351 798 1391 868 σι’·

233 915 343 1004 μόνον
368 906 386 1004 ᾗ
410 913 511 1002 ὅμοια
533 913 575 982 τά
597 928 717 1001 σημεῖα
741 917 809 982 τῶν
833 911 896 980 δύο
920 916 1044 980 παθῶν
1067 913 1174 988 ἐστιν,
1202 907 1363 978 ἀλλὰκαὶ
1385 972 1388 991 ,

167 1017 254 1113 κτοῇ
278 1019 432 1111 ἀνόμοια.
477 1027 573 1108 κοίλη
597 1021 659 1108 μὲν
683 1013 746 1090 οὖν
772 1019 790 1110 ἡ
819 1021 943 1108 έπωμὶς
971 1021 1022 1088 ἐπὶ
1061 1017 1190 1108 ἀμφοῖν
1228 1023 1390 1103 φαίνεται.

233 1135 303 1202 τῶν
325 1131 362 1200 ut
386 1129 498 1200 ἀλλων
522 1128 786 1217 συμπτωμάτων,
809 1121 859 1197 ὧν
881 1127 943 1197 τὸν
965 1127 1154 1214 κατάλογον
1178 1131 1325 1213 έγραωεν
1338 1125 1386 1192 ἐπὶ

233 1243 302 1308 τῶν
330 1236 589 1326 έξιμρθρμκότων
617 1235 733 1324 ω’μων,
771 1235 874 1306 οέιὸὲυ
911 1241 1089 1324 συμβαίνει
1127 1233 1211 1302 κατὰ
1249 1232 1290 1301 τά
1325 1237 1390 1300 τῶν

194 1373 220 1414 ιο
234 1342 415 1433 ἀκρωμίων
437 1341 697 1432 άποσπάσμτιτα,
729 1345 802 1432 περὶ
827 1335 876 1412 niv
900 1341 982 1412 κιιτά
1006 1341 1070 1430 τὴν
1091 1341 1387 1429 προγεγραμμένην·

234 1455 335 1540 ῥῆσιν
358 1449 465 1532 οἷ”τως
487 1449 570 1520 εἷπε·
612 1454 723 1520 ‘rouro
762 1452 814 1536 δέ,
850 1453 912 1518 τοῦ
949 1449 1194 1530 έκπεπτωκότος
1231 1447 1250 1518 ὁ
1279 1446 1388 1536 ἀγκὼν

235 1561 401 1646 ’φαίνεται
429 1556 597 1646 ἀφεστεώς
619 1561 749 1646 μᾶλλον
772 1555 836 1626 ἀπὸ
861 1561 929 1626 τῶν
947 1559 1120 1644 πλευρέων
1144 1553 1164 1645 ἢ
1187 1559 1251 1626 τοῦ
1269 1557 1387 1642 ἑτέρου.

234 1668 279 1734 ‘el
299 1667 413 1754 μέντοι
438 1695 488 1748 τις
510 1665 794 1752 προσαναγκάζοι,
827 1666 1027 1754 προσάγεται
1053 1667 1131 1752 μέν,
1154 1665 1321 1744 ἐπιπόνως
1342 1663 1385 1730 rlr'.

235 1775 346 1844 ‘torino
367 1775 415 1858 δέ,
439 1773 509 1844 ἀνω
533 1773 596 1860 τὴν
618 1788 712 1862 χεῖρα
736 1771 845 1861 ἀεῖραι
869 1779 984 1843 ι’θτῐαν
1006 1771 1096 1859 παρά
1119 1771 1156 1840 τὸ
1182 1765 1243 1852 οὖς
1267 1773 1385 1840 ἐκτετα-

196 1883 353 1970 ιε“μένου
389 1885 451 1950 τοῦ
489 1879 641 1968 ἀγκῶνος
678 1878 721 1951 οὐ
756 1881 845 1970 μάλα
883 1881 1024 1950 οὑναται
1062 1878 1173 1968 ὥσπερ
1206 1877 1270 1966 τὴν
1297 1876 1384 1964 ιἰγττά

234 1985 326 2058 ὀὐδὲ
348 1988 514 2077 παράγειν
536 1995 622 2058 ἔνθα
645 1991 700 2058 καὶ
725 1995 811 2058 ἔνθα
834 1987 978 2078 ὁμοίως]
1028 1991 1132 2056 ταῦτα
1159 1986 1223 2074 μὲν
1251 1987 1301 2056 ἐπὶ
1323 1989 1385 2054 τῶν

270 2237 726 2326 Ι1έτγτρειον11.--15έφόιιι
746 2239 890 2306 ABChK·
910 2239 945 2296 cl.
964 2237 1088 2310 Proll.p
1091 2245 1214 2294 ³5.-
1239 2235 1384 2322 Θτάμρω

234 2311 306 2370 ιατά
326 2331 380 2370 om.
401 2313 488 2368 lt-
510 2321 542 2369 10
562 2331 678 2384 προσγεγ
678 2312 933 2382 ραμμένηνΜ.-
955 2319 986 2366 11
1008 2257 1110 2366 τούτου
1129 2311 1211 2366 codd
1226 2311 1289 2366 edd.
1308 2311 1384 2364 τοῦτο

234 2384 368 2442 Corm-
393 2379 528 2470 ἡάγιιών
547 2385 641 2439 ll.-
668 2391 700 2439 1⁸2
721 2385 848 2452 πλευρῶν
867 2383 947 2438 codd
967 2381 1149 2466 edus-14
1172 2401 1257 2438 τουτο
1280 2401 1332 2438 om.
1350 2380 1383 2434 .1Ι.

235 2489 268 2498 -
274 2452 371 2548 ἀὴραι
387 2477 439 2524 την
454 2451 785 2538 χειρα1ΙΑΒάειραιτ.
801 2477 825 2526 1.
841 2455 954 2511 culte.
968 2475 992 2525 χ.
1008 2449 1104 2523 ἀείραι
1120 2471 1227 2511 non-
1250 2463 1283 2510 16
1297 2471 1384 2518 ωσπερ

234 2529 284 2584 καὶ
302 2525 356 2598 τὴν
374 2492 454 2586 οοάᾱ.
475 2529 537 2584 edd.
557 2522 650 2597 οἷσπερ
669 2523 722 2596 τὴν
741 2546 854 2584 nos.-

233 2771 309 2816 nem
332 2749 366 2814 in
390 2769 519 2814 summo
543 2745 679 2812 humero
704 2745 793 2832 passi
817 2751 902 2834 sunt,
926 2751 963 2811 ut
981 2745 1043 2813 hnc
1067 2747 1196 2814 ratione
1216 2749 1382 2818 contunde·

233 2863 288 2924 tur
310 2856 497 2923 luxatorum
522 2855 681 2941 cogniti0,
710 2877 784 2920 cum
808 2857 940 2942 signum
967 2855 1090 2922 habeat
1118 2879 1291 2924 commune
1317 2879 1381 2924 cum

233 2965 289 3051 iis,
322 2965 377 3052 qui
411 2986 575 3030 summum
608 2963 779 3028 humerum
814 2965 937 3030 habeut
967 2965 1126 3030 evulsum.
1183 2963 1305 3034 Verum
1336 2966 1381 3031 hie

233 3093 377 3159 quoque,
400 3071 486 3158 quod
509 3071 692 3159 generatim
716 3072 750 3138 in
777 3072 862 3138 libro
891 3073 931 3140 de
953 3071 1070 3138 medici
1096 3073 1229 3140 otticinn
1252 3095 1381 3160 pronun·

233 3179 339 3265 tiarit,
362 3179 396 3246 id
418 3201 503 3245 nune
527 3178 562 3244 in
585 3201 651 3244 unu
674 3179 781 3264 specie
806 3179 935 3264 statuit,
957 3203 1024 3249 non
1047 3181 1160 3266 modo,
1183 3203 1248 3266 qun
1271 3179 1381 3248 similia

234 3293 343 3354 essent
365 3289 503 3354 duarum
527 3287 736 3352 affectionum
760 3287 869 3374 signa,
896 3289 951 3354 sed
975 3291 1090 3374 etiam,
1118 3311 1182 3374 qun
1210 3288 1382 3356 dissimilis

235 3397 472 3464 demonstrans.
533 3392 685 3460 Concava
723 3395 854 3480 quidem
883 3397 1032 3482 superior
1068 3419 1145 3484 pers
1179 3397 1215 3464 in
1246 3397 1381 3480 utrisque

235 3509 386 3593 apparet3
411 3503 468 3570 alii
493 3507 602 3568 tamen
622 3525 726 3586 casus,
749 3527 829 3589 quos
849 3505 888 3570 de
908 3505 1028 3570 luxatis
1048 3505 1195 3572 humeris
1215 3507 1382 3582 enumerat,

233 3637 301 3680 non
325 3613 475 3678 accidunt
499 3611 532 3678 in
556 3611 677 3678 summi
697 3611 825 3677 humeri
845 3611 1080 3698 evulsionibus
1103 3613 1142 3678 de
1166 3615 1285 3699 quibus
1308 3610 1379 3677 casi-

235 3722 306 3808 bus,
330 3725 488 3805 utsupra
512 3719 635 3804 rettuli,
658 3719 704 3784 ita
729 3719 875 3804 scripsit:
907 3721 1092 3786 ‘l'rneteren
1115 3720 1220 3786 luneti
1244 3719 1380 3788 cubitum

235 3831 374 3914 apparet
396 3827 502 3914 magis
532 3851 551 3892 n
579 3827 678 3894 costis
708 3850 805 3912 quarn
835 3827 877 3893 nb
907 3828 1011 3895 altero
1040 3827 1171 3894 distare.
1218 3828 1253 3895 Si
1281 3833 1381 3892 tumen

235 3935 301 4002 rinr
325 3933 489 4018 attuleris,
513 3935 705 4000 admovetur
733 3935 878 4021 quidem,
901 3937 957 4002 secl
986 3959 1060 4002 eum
1088 3936 1210 4004 dolore.
1257 3933 1382 4002 Accedit

236 4043 323 4130 quod
346 4065 476 4108 sursum
500 4043 585 4110 idem
610 4065 743 4110 manum
768 4051 890 4110 rectam
919 4044 960 4110 ad
985 4065 1096 4110 aurern
1120 4043 1232 4112 cubito
1260 4048 1381 4111 extento

236 4151 323 4218 haud
346 4151 393 4218 ita
421 4155 532 4237 potest
560 4152 710 4218 attollere
739 4153 871 4238 perinde
895 4177 934 4219 τιο
963 4174 1077 4220 sanem
1109 4175 1213 4240 neque
1241 4151 1381 4222 similiter

237 4257 300 4325 huc
323 4263 356 4324 et
380 4258 457 4326 illue
483 4260 670 4326 traducere?
707 4259 798 4325 llaec
817 4261 850 4326 in
870 4262 990 4327 luxutis
1010 4262 1080 4326 lieri
1099 4263 1307 4330 menifestum
1324 4263 1378 4340 est;
