2960 5032
759 333 982 434 —50-7

292 493 354 569 bus
376 497 558 588 disputatio
582 499 656 587 ipss
678 499 842 586 duplicem
868 498 970 566 habet
998 522 1157 584 errorem,
1185 495 1242 565 sed
1265 495 1459 587 Chrysipp

292 611 385 677 ouius
408 609 464 676 ille
487 632 613 676 errores
630 608 825 696 redarguere
846 612 996 696 constru3
1020 609 1142 695 quade
1162 629 1261 674 eausa
1282 609 1459 674 restitue]

293 717 371 784 dum
394 717 668 783 existimavimus:
696 711 713 783 ὁ
738 713 813 808 περὶ
836 717 905 781 τῶν
928 710 1057 800 ἀρετῶν
1080 711 1181 800 λόγος
1204 709 1327 781 αὐτοῦ
1354 713 1459 799 ἕλε’]

257 913 258 918 ¹
293 847 373 911 χον
401 819 439 889 τὸ
471 821 608 910 σφάλμα
639 820 762 890 ὁιττόν.
813 823 933 888 Verbis
964 824 1083 891 vitiose
1114 825 1149 888 in
1179 823 1237 888 AB
1270 823 1459 888 terminat

294 953 493 1018 quamquam
517 933 753 998 correctionem
777 931 942 1016 adhibuit,
966 931 1057 997 velut
1079 923 1212 1018 ὑπάρχῃ
1236 953 1296 1016 pro
1317 923 1457 1014 ὑπάρχ

294 1037 466 1106 scribendo
494 1062 526 1124 p.
548 1039 613 1105 497
642 1043 676 1104 et
703 1039 848 1124 saepius,
877 1041 1007 1123 ἔγνωκα
1036 1061 1096 1124 pro
1125 1039 1272 1122 ἔγνωκεν
1298 1033 1345 1122 (p.
1376 1039 1459 1103 583

295 1142 493 1233 ἐντρέφήτιιι
512 1168 572 1232 pro
592 1143 783 1231 e’etpe'petar
801 1143 847 1232 (p.
861 1145 956 1234 461),
980 1151 1092 1212 tamen
1113 1167 1181 1211 nou
1200 1145 1353 1210 omuibus
1386 1145 1455 1212 loe

295 1257 419 1320 rectam
442 1253 635 1320 emendandi
658 1255 747 1319 viam
772 1254 860 1338 iniit,
884 1257 1113 1340 praeterquam
1137 1252 1224 1337 quod
1246 1274 1312 1318 nou
1337 1253 1459 1338 ubiqu

296 1360 405 1428 sedeur
429 1361 620 1427 mendorum
644 1363 819 1446 perspexit.
863 1362 898 1427 P.
923 1363 986 1427 719
1012 1365 1087 1427 ante
1111 1361 1165 1425 tiu.
1189 1359 1248 1425 ch.
1272 1364 1306 1424 et
1329 1359 1459 1426 Kuehr

296 1469 479 1535 ediderunt:
511 1461 584 1534 ἀλλ’
615 1470 646 1534 εἰ
672 1466 727 1534 καὶ
759 1469 859 1558 ζῷον,
889 1464 908 1534 ὅ
938 1495 969 1534 τι
1000 1461 1044 1534 ἂν
1074 1464 1284 1551 ἐθελήσαις,
1317 1468 1459 1551 ded-rior

294 1574 477 1662 ποιήσεις,
501 1569 546 1653 ὡς
563 1573 797 1662 κεχρωσμὲνον
822 1571 915 1658 ι’ἳὸωρ
937 1570 1113 1661 ὑπομεῖναι
1138 1585 1285 1645 ποιεῖν,
1309 1575 1341 1638 εἰ
1367 1575 1459 1660 rior'r⁴

295 1690 360 1750 εἶτε
383 1683 497 1773 κυανῷ
521 1681 667 1768 χρώματι
692 1679 823 1766 χριόσιις
851 1692 915 1750 εῖτε
938 1688 1057 1772 μίλτῳ,
1088 1676 1147 1748 εἶτ’
1173 1675 1302 1758 εὐθέως
1330 1679 1459 1762 σφάξει

296 1785 488 1876 descriptore,
520 1785 673 1874 εὑρήσεις
700 1790 934 1875 κεχρωσμένον
962 1787 1022 1855 τὸν
1052 1786 1235 1874 πνεύμονα.
1285 1787 1459 1854 diodorus

297 1899 382 1966 ratio
406 1898 442 1964 in
464 1897 594 1964 Protesi
617 1897 726 1982 priore
749 1919 817 1963 nou
840 1899 946 1964 solum
971 1921 991 1962 a
1014 1897 1159 1964 librariis
1183 1895 1381 1982 perturbato
1412 1919 1454 1959 es

297 2005 354 2072 sed
377 2007 478 2071 etiam
502 2028 522 2070 ο
541 2003 728 2090 (thameris,
751 2007 820 2090 qui,
844 2006 930 2092 quod
954 2007 988 2071 in
1007 2005 1102 2071 MAB
1122 2005 1288 2071 invenitur
1307 2026 1459 2088 pervers

297 2113 456 2199 seriptum
480 2107 657 2196 ἐθελήσας,
681 2112 715 2176 in
743 2109 920 2196 ε’θελήσιιις
948 2115 1102 2196 mutavit,
1130 2135 1203 2178 eum
1231 2111 1368 2176 deberet
1400 2135 1459 2176 nro

298 2226 369 2287 tare
393 2221 428 2286 in
451 2215 628 2306 ἐθελήσρς;
652 2242 713 2305 pro
736 2216 888 2304 ποιήσεις
907 2227 1018 2286 autem
1041 2219 1248 2286 scribendum
1272 2223 1343 2282 erut
1368 2219 1459 2302 ποιή

297 2347 381 2406 σοις.
431 2327 585 2394 Ceterum
611 2328 731 2394 mirum
759 2333 822 2410 est,
853 2328 939 2413 quod
969 2328 1110 2394 editores
1143 2327 1185 2392 ad
1217 2349 1315 2391 unum
1347 2349 1459 2392 omne

298 2436 378 2502 illud
401 2446 511 2502 ποιεῖν
534 2435 695 2501 intactum
718 2435 933 2521 reliquerunt,
956 2436 1042 2521 quod
1065 2437 1178 2520 utique
1202 2436 1237 2500 in
1260 2444 1371 2498 πιεῖν
1398 2458 1459 2498 rnu

298 2543 435 2609 tondum
458 2545 538 2608 erut
568 2541 657 2608 Nam
680 2542 761 2607 bueo
785 2542 866 2607 dieit
889 2541 1046 2608 Galenus:
1071 2541 1136 2619 Ἑλ,
1160 2541 1374 2628 quodemrque
1403 2542 1459 2606 tib

298 2651 433 2716 libuerit
456 2649 593 2735 animal,
621 2649 662 2714 ad
685 2654 813 2714 tantam
837 2650 928 2714 sitim
952 2650 1164 2734 compuleris,
1194 2653 1232 2713 ut
1258 2649 1310 2714 rel
1335 2647 1459 2714 colora

298 2763 366 2826 tom
387 2781 506 2844 aquam
521 2757 632 2823 bibere
652 2757 826 2840 sustineat,
849 2757 906 2822 ubi
921 2757 973 2822 rel
992 2757 1141 2824 caeruleo
1161 2757 1270 2824 colore
1289 2757 1340 2821 rel
1356 2755 1459 2820 mini«

298 2867 455 2933 infectam
478 2865 648 2952 potionem
669 2863 795 2928 dederis
820 2887 857 2930 ae
877 2887 953 2931 mox
971 2865 1158 2952 iugulatum
1176 2862 1387 2946 dissecueris‚
1416 2887 1459 2929 co

299 2975 368 3040 lore
396 2973 512 3040 eodem
538 2971 728 3058 pulmonem
756 2971 825 3036 eius
853 2972 1011 3038 infectum
1039 2969 1282 3058 deprehendes.’
1334 2969 1369 3034 P.
1398 2973 1456 3035 'iit

300 3084 378 3168 post
400 3081 445 3146 in.
472 3079 587 3145 edidit:
620 3080 650 3144 εἰ
677 3075 740 3162 peip
769 3079 987 3164 ἀνῃροῦντο
1014 3077 1055 3144 τὰ
1082 3079 1142 3164 τῆς
1170 3079 1276 3163 ψυχῆς
1303 3077 1377 3160 sidu
1411 3102 1457 3142 κει·

301 3189 417 3274 σαφῶς
440 3183 630 3272 ἐγνώκεσαν
653 3185 768 3270 ἕτερον
790 3183 853 3271 μὲν
875 3181 961 3251 εἶναι
984 3183 1022 3252 τὸ
1047 3181 1254 3271 λογιστικόν,
1282 3183 1401 3266 ἕτερον
1429 3182 1459 3248 di

299 3292 337 3362 τὸ
362 3289 489 3380 ἄλογον
512 3319 541 3360 ιι.
562 3319 590 3360 τ.
613 3299 655 3370 λ.;
680 3295 860 3380 ὀιήροῦντο
885 3295 1019 3378 scripsit
1046 3317 1104 3380 pro
1133 3289 1292 3380 διήροντο
1317 3290 1459 3376 iMABv

301 3407 337 3470 ut
354 3404 471 3470 melius
490 3403 676 3488 scripsisset
695 3407 730 3466 dr
742 3397 901 3488 ήρήντο,
925 3401 1012 3485 quod
1026 3403 1133 3488 magis
1148 3401 1288 3487 quadrat
1303 3401 1344 3464 ud
1360 3397 1459 3482 ε’γνώ1

300 3529 412 3578 neore.
439 3547 484 3558 -
511 3511 765 3594 Aduerbiorum‚
792 3509 1079 3594 Praepositionum
1108 3509 1310 3593 aliarumque
1339 3509 1459 3574 oratio

300 3621 353 3686 nis
376 3619 617 3686 Particularum
640 3616 889 3682 terminationes
908 3617 1081 3682 mendosos
1101 3615 1240 3682 correxit
1261 3636 1382 3698 paucas
1404 3637 1459 3679 uer

301 3727 421 3814 ubique
445 3731 545 3814 reete5
574 3749 604 3812 p.
628 3727 694 3790 500
718 3747 777 3808 pro
805 3723 849 3812 τῷ
878 3717 1068 3807 cito-floreo
1092 3721 1225 3808 (MAB)
1256 3721 1459 3805 θυμουμείεο

301 3836 357 3902 ille
381 3835 512 3922 quidem
534 3833 579 3922 τῷ
604 3827 813 3916 ἀλογίστως
837 3838 871 3895 θ.
894 3833 1125 3896 convenienter
1151 3831 1292 3896 orationi
1316 3829 1459 3895 Plutoni

303 3965 359 4010 ose
389 3943 535 4028 scripsit,
564 3945 599 4006 ut
626 3941 712 4004 idem
741 3941 810 4024 ipse
840 3939 937 4023 paulo
967 3939 1053 4005 iut'ru
1082 3961 1112 4024 p.
1136 3939 1201 4004 ’502
1230 3937 1273 4002 in.
1302 3941 1459 4002 memorio

303 4049 516 4115 hebetissime
541 4051 585 4137 τῷ
610 4042 791 4134 ἀλογίστῳ
822 4047 1039 4136 teporpe'rpt
1086 4043 1211 4112 Eadem
1239 4045 1459 4111 inconstantia

206 4233 211 4242 ι
304 4181 343 4222 ue
366 4157 533 4222 temeritas
557 4157 592 4221 in
616 4154 761 4222 Kuebuii
785 4155 927 4220 editione
951 4153 1212 4238 deprehenditur.
1248 4151 1282 4217 P.
1301 4153 1365 4217 411
1387 4159 1459 4238 post

303 4265 347 4330 in.
370 4284 500 4328 versum
523 4263 737 4348 Euripideum
765 4263 876 4328 neseio
907 4261 989 4327 unde
1018 4263 1065 4328 sie
1089 4260 1204 4326 edidit:
1237 4255 1370 4344 Κύπρις
1397 4258 1459 4345 γὰρ

305 4365 424 4436 οὐδὲν
449 4368 698 4456 νουθετοομένή
722 4371 822 4458 χαλᾷς
845 4393 905 4436 nee
928 4369 963 4435 M
985 4391 1045 4435 nee
1065 4369 1124 4435 AB
1149 4361 1270 4434 οὐόἕν
1292 4369 1459 4458 proebe-ut7
