2984 5030
575 325 822 392 -621-

65 489 157 562 οὐκ
192 483 247 558 ἃν
269 485 413 574 ἐγένετο,
435 485 475 554 τό
498 511 534 554 τε
556 483 661 574 πάχος
684 481 791 554 αὐτοῦ
813 485 930 573 διττὴν
953 489 1018 575 ἔχει
1042 485 1151 575 ἰδέαν,
1173 495 1276 577 μαλα-

68 603 159 670 κοῦ
191 594 265 686 plo
288 599 407 678 ἔνδον,
435 595 564 676 ἔξωθεν
592 591 628 661 δὲ
658 597 808 680 σκληροῦ
830 595 1026 682 γενομένου.
1075 593 1126 664 δτι
1155 595 1193 665 δὲ
1219 595 1276 666 παὶ

68 707 155 777 τὸν
189 701 386 790 ὀφθαλμὸν
413 699 476 770 οὐκ
504 698 621 787 ὀλίγης
643 702 745 788 ἐχρῆν
774 697 893 782 οὐσιίις
915 701 1104 790 ἐγκεφάλου
1130 711 1277 793 μετειλη-

72 817 237 904 φέναι,
259 817 433 900 πεισθείης
456 805 500 878 ἂν
530 811 647 896 σαφῶς
673 805 850 898 ἀνατεμών
876 806 991 878 αὐτόν.
1036 807 1190 900 εὑρήσεις
1210 811 1276 902 γάρ

75 921 163 994 ὑπὸ
195 935 278 1000 τοῖς
300 923 437 1007 χιτῶσιν
460 922 564 986 ἔνδον
586 913 673 1004 ὑγρά
692 921 892 1004 σφαιροειδῆ
916 917 1022 1004 διττά,
1044 917 1082 988 τὸ
1106 919 1169 1007 μὲν
1187 917 1305 990 οὕτωσ

76 1027 283 1122 μαλακόν,
307 1027 424 1114 οἵαπέρ
448 1028 540 1094 ἐστιν
563 1021 705 1112 baioci]
729 1031 870 1111 μετρίως
892 1032 1047 1112 λυθεῖσα,
1068 1025 1107 1096 τδ
1131 1025 1169 1098 dl
1188 1024 1277 1098 οὕτω

82 1135 282 1226 σκληρόν,
306 1129 377 1216 οἷος
399 1131 418 1202 ὁ
442 1139 584 1222 μετρίως
610 1133 727 1220 παγεὶς
755 1131 969 1218 κρύσταλλος.
1016 1130 1212 1224 ὀνομάζεται
1240 1135 1278 1204 δὲ

82 1249 166 1319 ὑπὸ
199 1247 279 1314 τῶν
298 1245 424 1329 ἰατρῶν
441 1239 615 1322 ὑαλοειδὲς
632 1240 695 1329 μὲν
717 1241 755 1309 τὸ
775 1240 1023 1329 μαλακώτερον,
1045 1251 1279 1330 κρυσταλλοει-

86 1358 157 1438 δὶς
186 1352 233 1423 δὲ
258 1349 298 1420 τὸ
321 1349 548 1437 σκληρότερον
571 1346 636 1418 άπὸ
660 1352 719 1437 τῆς
741 1349 827 1436 πρὸς
848 1348 957 1418 δαλόν
977 1375 1014 1419 τε
1036 1351 1091 1419 παλ
1115 1350 1278 1440 κρύσταλ-

85 1473 164 1533 λον
193 1457 412 1548 ὁμοιότητος,
436 1451 487 1537 οἷς
505 1453 547 1526 οὐ
564 1455 674 1545 μόνον
695 1471 768 1536 ταῖς
785 1456 998 1544 συστάσεσιν,
1020 1455 1106 1528 ἀλλὰ
1128 1459 1184 1528 παλ
1205 1473 1319 1541 ταῖςιν

89 1583 249 1661 χροιαῖς
276 1571 400 1636 ἔοικεν·
433 1561 580 1652 ἀκριβῶς
611 1563 675 1652 γάρ
708 1566 777 1634 ε’στι
812 1565 946 1653 καθαρά
974 1566 1029 1634 καὶ
1062 1569 1185 1655 decori
1222 1567 1277 1638 παὶ

89 1675 264 1768 λαμπρά.
299 1672 465 1761 πρότερον
487 1671 550 1760 μὲν
568 1663 632 1742 οὖν
652 1673 816 1760 ἐκδέχεται
835 1671 897 1740 τὸν
915 1675 949 1756 ἐξ
968 1673 1156 1762 ἐγκεφάλου
1173 1674 1281 1764 παθή-

95 1813 219 1856 κοντα
250 1781 362 1870 πόρον
389 1786 437 1860 ελς
463 1779 622 1867 ἑκάτερον
649 1777 762 1849 αὐτῶν
795 1779 833 1849 τὸ
866 1777 1055 1866 ὑαλοειδές,
1089 1781 1209 1871 ἐφεξῆς
1241 1781 1279 1851 δὲ

95 1893 201 1986 αὐτῷ
229 1889 271 1962 τὸ
291 1887 577 1980 κρυῇσταλλοειδὶς
595 1887 704 1969 ἐοικὸς
722 1885 847 1976 άτρέμα
864 1889 1118 1978 πεπλατυσμένρ
1142 1895 1345 1980 σφαίραοξλ

96 2003 159 2071 καὶ
187 2005 318 2069 τοίνυν
341 1993 359 2066 δ
387 1997 493 2084 πόρος
514 1993 616 2077 αὐτὸς
642 1993 711 2084 άμα
738 1999 784 2088 τῷ
807 1997 992 2084 περιέχοντι
1023 1995 1131 2089 νεύρῳ
1159 1999 1279 2080 διεξελ-
1294 2021 1320 2062 ιο

100 2111 186 2178 θῶν
218 2105 286 2177 τὸν
313 2109 441 2188 ἔξωθεν
471 2108 595 2192 χιτῶνα
622 2103 705 2173 κατὰ
732 2105 794 2174 τὸν
830 2102 1015 2192 ὀφθαλμὸν
1046 2103 1147 2194 άμφω
1174 2109 1278 2175 ταῦτα

100 2217 233 2304 πάσχει
260 2212 345 2284 κατὰ
366 2211 431 2302 τὴν
453 2213 590 2301 πρῶτον
613 2217 792 2302 ἔμπτωσιν,
817 2207 859 2300 ἣν
881 2217 929 2294 εἰς
951 2211 1014 2300 τὴν
1036 2211 1151 2301 χῶραν
1173 2209 1280 2283 αὐτοῦ

143 2422 164 2471 4
184 2408 228 2470 ἂν
250 2430 305 2470 om.
320 2412 358 2468 M.
378 2443 411 2455 -
437 2407 627 2482 ἵκράσταλος
645 2409 872 2480 (ιιρνστοιλοειδδς
891 2429 918 2466 r.
937 2418 953 2467 8
973 2415 1003 2466 et
1021 2411 1060 2467 sic
1078 2411 1136 2468 iere
1155 2413 1277 2484 semper)

103 2489 180 2542 MA.
201 2517 241 2530 -
270 2493 301 2542 11
322 2480 444 2555 διἀνχὴς
462 2485 541 2540 codd.
561 2483 626 2542 odd.
648 2485 753 2554 διαυγῆ
778 2499 836 2539 noe.
861 2513 895 2525 -
920 2489 953 2539 12
973 2479 1039 2540 έιιδέ
1059 2501 1111 2556 pro
1130 2479 1279 2555 έιιδέχεται

106 2561 145 2616 M.
167 2591 205 2602 -
229 2563 264 2614 li
286 2555 425 2614 εἰιπτοισιν
443 2557 525 2614 codd.
545 2557 608 2613 edd.
628 2555 770 2628 intruere
789 2573 849 2612 noe.
869 2584 905 2596 -

109 2769 203 2828 esset
227 2781 360 2844 nervus,
382 2781 551 2846 nunquam
575 2763 645 2824 erut
668 2757 794 2842 futura,
817 2761 851 2822 et
873 2757 1057 2824 crassitudo
1081 2757 1151 2824 eius
1174 2739 1279 2845 dupli*-

110 2893 185 2936 cem
210 2869 338 2954 adepta
360 2875 411 2932 est
438 2865 595 2950 formam,
622 2865 712 2932 intus
740 2865 890 2950 mollem,
918 2871 1011 2931 extra
1033 2865 1158 2932 duram.
1201 2865 1279 2934 Jam

112 2999 192 3044 vero
227 2975 362 3044 oculum
395 2973 495 3040 etiam
527 2973 636 3058 ipsum
670 2975 860 3040 convenisse
891 2995 959 3040 non
991 2973 1127 3061 exiguae
1155 2974 1280 3042 cerebri

115 3085 328 3150 substantiae
365 3081 561 3168 participem
594 3104 664 3148 esse
700 3101 761 3168 pro
797 3087 886 3148 certo
923 3081 1078 3168 habebis,
1116 3083 1172 3149 ubi
1206 3105 1280 3150 eum

114 3190 327 3258 disserueris.
372 3189 529 3276 Reperies
553 3189 640 3256 enim
665 3189 726 3254 sub
754 3190 875 3257 tunicis
898 3190 987 3256 intus
1017 3189 1100 3257 duos
1123 3189 1280 3278 globosos

117 3297 288 3385 humores,
311 3321 411 3366 unum
434 3299 578 3382 mollem,
602 3297 735 3384 perinde
756 3321 793 3364 ac
817 3299 938 3364 vitrum
963 3299 1171 3364 mediocriter
1194 3299 1279 3366 solu·

117 3411 202 3492 tum,
232 3410 374 3475 alterum
401 3409 446 3472 ita
474 3407 605 3490 durum,
634 3409 671 3470 ut
694 3405 835 3492 glaciem
859 3405 1067 3474 mediocriter
1094 3411 1280 3474 concretam

120 3511 280 3582 imitetur.
325 3513 460 3584 Mollior
484 3537 504 3580 a
531 3515 667 3580 medicis
691 3515 828 3598 vitreus,
856 3515 969 3581 durior
991 3513 1155 3601 glacialis,
1182 3515 1280 3581 illee

121 3621 206 3706 vitri,
229 3623 285 3690 hic
306 3647 322 3689 e
343 3623 461 3710 glaciei
481 3621 696 3688 similitudine
715 3632 936 3706 nuncupatur:
959 3623 1133 3688 nonenim
1151 3627 1279 3690 tanturn

123 3751 234 3798 eorum
254 3733 402 3818 corporis
417 3731 578 3816 habitum,
593 3731 648 3797 sed
664 3731 765 3796 etiam
780 3731 924 3796 colorem
939 3733 1094 3814 referum,
1108 3755 1182 3799 cum
1196 3733 1281 3820 puri,

123 3837 276 3916 pellucidi
295 3839 438 3927 clarique
463 3839 539 3905 sint.
575 3841 623 3904 Ac
647 3840 769 3904 vitreus
794 3839 924 3926 quidem
943 3845 1089 3906 meatum
1109 3863 1128 3906 a
1147 3841 1280 3910 cerebro

126 3941 165 4008 ad
194 3953 368 4036 utrumque
396 3947 615 4034 pertinentem
644 3947 733 4032 prius
768 3949 904 4034 exeipit,
936 3948 1089 4034 deinceps
1121 3948 1282 4036 glacialis,

128 4051 180 4132 qui
208 4056 307 4142 globo
335 4057 454 4123 leniter
481 4055 621 4120 dilatato
650 4057 769 4122 similis
803 4069 861 4122 cst.
912 4059 1020 4144 Atque
1049 4063 1176 4124 meatus
1210 4057 1282 4144 ipse

129 4175 189 4222 una
212 4185 285 4231 cum
307 4187 410 4232 nereo
435 4163 657 4230 circumdante
686 4167 793 4250 primo
818 4165 983 4252 ingressu,
1011 4188 1108 4252 quem
1136 4165 1171 4232 in
1195 4167 1281 4234 oculi

132 4265 233 4335 adem
265 4273 360 4356 lacit,
398 4277 569 4358 penetrata
602 4273 671 4338 eius
709 4276 868 4340 exteriore
901 4275 1013 4340 tunica
1047 4279 1185 4361 utroque
1218 4273 1282 4344 hoc

132 4373 267 4448 allicitur
285 4381 397 4450 modo:
421 4379 489 4446 illic
511 4381 663 4464 spiritum
683 4401 755 4448 eum
781 4381 973 4448 luuuuribus
993 4385 1194 4469 commiscet,
1216 4407 1281 4472 quo
