3014 5024
703 247 947 362 -ιιί-Ι

248 461 306 544 ρία
338 455 680 544 καταναγκαζομένων
711 449 777 523 ὑπὸ
813 456 872 541 τής
908 451 1071 541 ἀληθείας
1103 461 1205 523 εἴωθε
1244 459 1417 542 γίνεσθαι.

248 561 450 652 μεταβάντες
474 563 509 632 σὲ
534 562 636 631 πάλιν
660 559 714 650 ἐφ’
740 563 835 650 ἕτερα
858 565 926 630 τῶν
949 558 1015 631 ὑπὸ
1040 560 1146 631 αὐτοῦ
1170 563 1417 650 γεγραμμένων

249 676 298 752 είς
324 669 360 741 τὸ
384 677 607 759 προκείμενον
636 671 858 756 ἐπιδείξομεν,
886 668 975 750 ὅπως
1002 675 1057 738 καὶ
1086 669 1218 739 τούτων
1248 677 1324 738 ἔνια
1355 668 1418 756 μὲν

250 771 301 859 οἷς
322 776 425 859 αὐτὸς
448 777 540 848 εἶπεν
564 777 606 848 οὐ
624 793 810 868 συμφωνεῖ,
835 783 907 846 ἔνια
927 777 964 846 δὲ
988 769 1032 846 ut
1051 793 1122 858 τοῖς
1140 779 1293 864 ἐναργέσι
1314 775 1418 863 μάχε-

222 909 315 974 εται,
337 884 413 956 τινὰ
432 887 469 956 ὁὶ
488 886 572 956 κατὰ
592 885 692 976 άμφω
711 888 990 974 πεπλημμέληται.
1026 886 1081 954 καὶ
1101 885 1237 973 πρῶτόν
1255 911 1293 970 γε
1311 884 1420 952 πάλιν

249 990 473 1083 ἀναλάβωμεν
496 999 545 1075 είς
568 994 649 1083 ὅπερ
674 993 887 1082 ἐτελεύτησεν
910 990 928 1062 ὁ
958 994 1255 1081 προγεγραμμένος
1277 1019 1337 1079 μοι
1365 989 1419 1058 λό-

249 1127 319 1190 γος,
342 1099 388 1183 ὦς
406 1100 518 1190 ὑγίεια
540 1103 596 1172 καὶ
616 1101 727 1183 νόσος,
748 1099 863 1190 αἶσχός
885 1101 994 1170 τεκαὶ
1014 1099 1135 1181 κάλλος
1155 1101 1263 1186 ψυχῆς
1283 1100 1321 1166 έν
1346 1112 1420 1176 τοῖς

248 1210 362 1299 μέρεσι
386 1216 513 1297 γίνεται
537 1207 639 1298 αὐτῆς
668 1211 724 1279 καλ
753 1207 798 1290 ὣς
825 1209 864 1277 τά
895 1208 978 1297 μέρη
1007 1211 1111 1278 ταῦτα
1142 1212 1277 1274 ἔννοιαί
1300 1233 1336 1274 τε
1362 1205 1419 1272 καὶ

248 1315 432 1406 προλήψεις
464 1324 543 1404 είσί,
576 1318 845 1406 συγχωρήσωμεν
878 1314 968 1409 αὐτῷ
1000 1314 1064 1404 τήν
1096 1343 1133 1404 γε
1164 1313 1311 1402 πρώτην.
1366 1311 1418 1381 ὅτι

209 1447 235 1486 1⁰
249 1425 312 1513 ptr
333 1424 399 1514 γάρ
423 1425 509 1507 ὅλως
532 1423 574 1496 οὐ
601 1427 663 1515 χρή
688 1425 771 1494 αατίι
799 1423 858 1504 τάς
882 1427 1050 1512 ἐνεργείας
1077 1431 1237 1492 τίθεσθαι
1262 1423 1375 1492 νόσον
1402 1415 1419 1506 ri
1494 1483 1495 1486 ,

249 1529 397 1620 ὑγίειαν,
421 1531 505 1603 ἀλλὰ
530 1531 644 1622 αἶσχος
670 1529 688 1622 ip*
712 1532 833 1612 κάλλος
855 1531 981 1620 μόνον,
1005 1537 1136 1620 εἴρηταί
1161 1557 1220 1620 μοι
1245 1531 1416 1616 πρόσθεν·

250 1636 302 1708 ὅτι
326 1640 363 1710 δὲ
392 1637 472 1710 οὐδὲ
501 1651 535 1711 εί
553 1669 603 1723 τις
627 1641 715 1710 οὕτω
744 1639 986 1728 συγχωρήσειε,
1014 1637 1054 1708 τά
1082 1643 1168 1726 γοῦν
1197 1637 1272 1724 ἑξῆς
1301 1635 1419 1724 ὀρθῶς

250 1756 388 1836 εἴρηται,
412 1753 478 1818 νῦν
496 1752 656 1831 ἐπιδεῖξαι
675 1749 887 1836 πειράσομαι.
927 1757 1017 1834 εἴπερ
1037 1746 1101 1836 γάρ
1121 1747 1160 1814 έν
1177 1749 1223 1837 τῷ
1243 1744 1412 1833 μάχεσθαι

210 1880 236 1920 ιι
251 1854 314 1924 δύο
337 1863 463 1945 κρίσεις
481 1855 639 1946 ἀλλήλαις
665 1855 771 1944 ήτών
790 1861 913 1924 παθῶν
933 1857 1001 1924 εὀτι
1026 1857 1166 1941 γένεσις,
1190 1849 1321 1940 ἀνάγκη
1345 1853 1418 1920 τῶν

183 1964 314 2040 457δύο
336 1963 468 2034 τούτων
491 1973 636 2052 κρίσεων
661 1967 664 2054 i
690 1963 763 2052 ήτοι
787 1963 850 2051 τήν
874 1965 991 2051 ἑτέραν
1014 1962 1077 2051 μέν
1100 1959 1265 2050 ὑπάρχειν
1288 1956 1417 2048 άληθή,
1494 2001 1495 2018 ι

249 2071 313 2160 τήν
335 2073 452 2161 έτέραν
476 2073 512 2141 ὁὶ
539 2076 645 2160 ψευδῆ
668 2068 689 2160 ή
714 2070 904 2161 ἀμφοτέρας
928 2075 1078 2156 ψευδεῖς,
1107 2079 1140 2138 εί
1159 2096 1210 2149 τις
1232 2071 1288 2136 καὶ
1313 2073 1415 2136 τοῦτο

288 2330 302 2378 1
322 2319 595 2394 ιιατὰναγκαζουένη
615 2325 645 2380 Ιι.
666 2355 698 2366 -
719 2332 735 2379 3
756 2317 828 2393 ὅπερ
847 2324 884 2378 n.
905 2355 937 2365 -
964 2323 1088 2379 trerbo
1106 2319 1150 2384 οἷς
1167 2351 1203 2363 -—
1224 2319 1288 2376 ἔνια
1308 2338 1363 2376 orn.
1385 2319 1415 2374 L.

249 2423 285 2434 -
309 2389 375 2450 οὐδ’
391 2412 447 2522 pro
468 2395 500 2452 rr
521 2377 552 2450 L.
577 2427 611 2437 -
634 2391 734 2480 αὐτοῖς
753 2395 817 2451 LM.
842 2427 877 2480 '”‚
900 2389 1122 2483 pivoeidpoprv
1141 2393 1263 2480 ¹¹M·.'
1289 2388 1417 2459 8αέτῑιε

218 2534 219 2537 ¹
250 2467 378 2548 γίγνεται
417 2474 737 2540 .-9ονγγωρησομεν
750 2468 779 2522 Ιι.
792 2499 823 2508 --
840 2487 933 2537 αοιην
948 2483 998 2538 pro
1013 2487 1090 2540 αυτῳ
1106 2468 1249 2535 [ιω-την
1263 2483 1318 2521 om.
1334 2464 1416 2520 1..—

250 2615 464 2626 ...ιιι-..η-

251 2720 358 2786 fateri.
406 2719 468 2788 Sed
493 2722 533 2787 ad
558 2722 623 2788 alio
653 2745 779 2806 rumne,
808 2744 891 2809 quae
916 2720 958 2787 od
981 2742 1051 2787 rem
1074 2721 1281 2807 propositam
1310 2720 1352 2786 ab
1378 2739 1416 2783 eo

251 2827 375 2914 scripto
398 2835 488 2915 sunt,
511 2831 682 2894 redeuntes
708 2853 746 2894 eu
769 2829 890 2914 partim
920 2829 984 2893 sibi
1008 2851 1073 2894 nou
1097 2833 1263 2914 constare,
1291 2829 1414 2912 partim
1494 2833 1495 2840 ’

250 2935 457 3002 evidentibus
486 2938 582 3003 rebus
611 2960 807 3024 repugnare,
837 2922 958 3022 partim
986 2941 1125 3020 utroquo
1150 2936 1247 3001 modo
1276 2955 1412 3019 peecare

251 3042 469 3109 ostendemus.
519 3047 567 3110 Ae
597 3047 739 3131 primum
768 3045 899 3129 quidem
928 3051 1113 3130 repetamus
1143 3041 1239 3126 illud,
1268 3042 1354 3127 quod
1382 3041 1413 3106 in

250 3153 395 3214 extrema
439 3153 586 3218 oratione
630 3150 808 3238 Chrysippi
847 3176 867 3217 a
904 3176 956 3218 me
998 3151 1132 3218 laudata
1168 3150 1316 3235 positum
1354 3153 1414 3230 est,
1494 3193 1495 3196 ι

207 3271 210 3278 ’
252 3257 427 3324 sanitatem
452 3265 484 3324 et
507 3261 668 3344 morbum,
693 3258 968 3344 pulchritudinem
993 3265 1026 3326 et
1049 3259 1288 3344 turpitudinem
1312 3257 1412 3323 animi

251 3363 285 3430 in
308 3365 378 3430 eius
407 3368 557 3450 partibus
585 3368 656 3432 fieri
684 3373 857 3452 partesque
881 3367 942 3432 hos
965 3369 1117 3434 notiones
1147 3367 1415 3452 anticipationem·

251 3493 313 3559 que
341 3495 411 3538 esse
441 3476 583 3558 primum
613 3475 661 3540 illi
696 3476 920 3541 concedamus.
967 3474 1172 3561 Quamquam
1197 3475 1283 3541 enim
1315 3495 1416 3559 supra
1494 3461 1495 3474 .

251 3579 393 3646 diximus
436 3603 503 3647 non
544 3581 659 3647 debere
698 3583 831 3648 omnino
865 3582 899 3647 in
943 3583 1129 3649 actionibus
1167 3583 1319 3649 morbum
1359 3585 1417 3647 aut

253 3687 444 3772 sanitatem,
472 3688 527 3754 sed
552 3689 827 3772 pulchritudinem
856 3693 985 3754 tanturn
1010 3694 1043 3754 et
1065 3690 1303 3774 turpitudinem
1326 3690 1416 3775 poni,

249 3798 363 3861 temen
395 3795 525 3860 etiamsi
559 3797 631 3879 quis
666 3797 747 3861 illud
780 3797 888 3882 ipsum
922 3799 1091 3881 concedat,
1124 3797 1294 3882 sequentia
1328 3803 1416 3860 certe

249 3922 316 3967 non
349 3905 436 3966 reete
467 3925 536 3966 esse
565 3901 652 3968 dieta
681 3925 766 3969 nune
801 3905 945 3970 conabor
974 3906 1153 3972 ostendere.
1203 3903 1291 3969 Nam
1320 3904 1349 3968 si
1379 3925 1417 3969 ex

250 4008 387 4074 duorum
411 4009 606 4075 iudiciorum
631 4009 716 4075 inter
740 4035 773 4076 se
802 4034 912 4098 pugno
941 4019 1032 4078 ortus
1060 4011 1347 4098 perturbationum
1371 4015 1417 4096 tit,

250 4138 382 4183 neeesse
412 4118 474 4182 erit
507 4120 564 4181 aut
597 4117 737 4182 alterum
774 4143 885 4185 verum
916 4143 1002 4203 esse,
1035 4121 1174 4186 alterum
1207 4119 1330 4185 tolsunr
1360 4125 1418 4184 aut

252 4224 350 4290 umbo
371 4225 466 4308 falsa,
490 4226 517 4288 ei
537 4225 634 4290 modo
654 4225 716 4290 hoo
736 4227 855 4312 aliquis
876 4232 1082 4310 concesserit,
1106 4226 1303 4292 rationalem
1328 4227 1416 4292 eninr

252 4333 477 4418 quaestionem
510 4331 620 4396 halret.
676 4331 752 4397 Sive
783 4339 894 4400 nutem
924 4335 1021 4400 ambo
1053 4335 1136 4400 falsa
1170 4335 1240 4400 sire
1273 4335 1415 4400 alterum
