2976 5028
625 271 910 392 ’ζςρρ-

206 483 297 556 ‘xeo’
322 483 448 567 αὖτοὺς
475 487 529 555 ned
559 477 709 573 φυσικὴν
736 489 806 554 τῶν
834 482 951 574 ὁρμῶν
978 463 1186 575 συμμετρίαν
1211 482 1377 574 ὑπερβαί-

206 597 301 665 “νειν.
337 597 470 683 γένοιτο
490 594 526 663 δὲ
546 590 590 663 ἂν
608 593 645 662 τὸ
666 593 850 682 λεγόμενον
869 593 925 662 διὰ
946 593 1077 663 τούτων
1096 595 1377 684 γνωριμώτερον,

205 697 294 773 ὀἷον
324 705 376 772 ἐπὶ
404 706 466 772 τοῦ
493 701 697 786 πορεύεσθαι
727 698 807 770 καθ’
838 698 949 790 ὁρμὴν
978 699 1020 771 οὐ
1046 703 1219 786 πλεονάζει
1254 701 1274 792 ι’]
1306 708 1377 774 τῶν

164 889 168 900 q
205 815 347 882 ‘dustein
375 819 521 900 κίνησις,
550 807 633 878 ἀλλὰ
658 815 891 898 συναπαρτέζει
922 837 953 878 τι
985 814 1026 900 τῇ
1059 807 1162 900 ὁρμῇ,
1195 809 1287 882 ῶστε
1321 814 1377 882 καὶ

177 923 353 1009 feninea,
380 917 464 988 ὅταν
488 919 604 1007 ἐθέλῃ,
632 920 686 986 καὶ
715 918 945 1006 μεταβάλλειν.
990 917 1043 988 ἐπὶ
1072 917 1108 987 dt
1140 922 1209 988 τῶν
1233 921 1377 1009 τρεχόν-

206 1030 286 1098 ’των
312 1025 394 1097 καθ’
426 1025 536 1116 ὁρμὴν
570 1023 680 1095 οὐκέτι
713 1029 871 1096 τοιοῦτον
902 1033 1046 1113 γίνεται,
1079 1022 1163 1094 ἀλλὰ
1193 1029 1376 1112 πλεονάζει

205 1134 306 1226 επαρὰ
333 1134 396 1224 τὴν
423 1132 534 1224 ὁρμὴν
568 1130 587 1222 ἡ
616 1137 685 1204 τῶν
713 1137 841 1202 σκελῶν
868 1139 1017 1220 κίνησις,
1050 1131 1132 1202 ὥστε
1163 1135 1375 1222 ἐκφέρεσθαι

159 1251 163 1258 ’
203 1245 271 1314 ‘aaz
308 1241 353 1332 μὴ
390 1241 609 1332 μεταβάλλειν
641 1241 807 1322 εὐπειθῶς
843 1239 950 1322 οὕτως
982 1239 1089 1322 εὐθὺς
1121 1242 1378 1331 έναρξαμένων.

175 1347 268 1434 ιὀἷς
290 1349 387 1442 οἶμαί
410 1379 442 1420 τι
470 1349 705 1438 παραπλήσιον
732 1351 786 1419 καὶ
812 1352 863 1419 lut
893 1353 962 1419 τῶν
985 1347 1103 1438 ὁρμῶν
1127 1357 1290 1436 γίνεσθαι
1316 1353 1376 1422 διὰ

135 1459 253 1536 λῖθ’τὸ
282 1459 345 1549 τήν
369 1462 374 1550 Ι
398 1459 481 1530 κατὰ
512 1458 617 1546 λόγον
648 1455 866 1546 ὑπερβαίνειν
897 1465 1118 1547 συμμετρίαν,
1151 1455 1253 1548 ὥσθ’,
1287 1459 1378 1532 ὅταν

115 1603 126 1616 s
202 1565 317 1659 ‘dppqi,
344 1565 389 1656 μὴ
414 1566 579 1646 εὐπειθῶς
607 1573 695 1655 ἔχειν
717 1565 801 1654 πρὸς
824 1563 946 1649 αὐτόν,
977 1567 1028 1636 ἐπὶ
1057 1567 1120 1656 μὲν
1147 1569 1210 1635 τοῦ
1234 1567 1375 1659 δρόμου

87 1673 90 1680 ’
203 1677 278 1746 ‘aod
309 1679 524 1764 πλεονασμοῦ
557 1675 741 1763 λεγομένου
773 1673 862 1762 παρὰ
889 1673 952 1764 τὴν
986 1672 1112 1764 ὁρμήν,
1150 1674 1202 1742 εἰτὶ
1238 1676 1277 1746 δὲ
1313 1682 1376 1766 τῆς

189 1781 323 1873 Ῐὸρμῆς
345 1783 434 1872 παρὰ
458 1781 655 1870 τὸνλόγον.
701 1789 884 1872 συμμετρία
908 1784 974 1872 γάρ
998 1785 1063 1852 έστι
1090 1787 1237 1871 φυσικῆς
1261 1781 1376 1874 ὁρμῆς

202 1890 235 1982 ’ἡ
259 1891 343 1961 aar&
365 1891 427 1961 τὸν
450 1891 555 1978 λόγον
577 1892 632 1960 καὶ
657 1891 719 1971 ἕως
741 1891 924 1975 τοσούτου,
954 1893 1017 1972 ἕως
1038 1889 1141 1972 αὐτὸς
1164 1889 1264 1974 ἀξιοῖ.
1314 1894 1373 1964 διὸ

163 1999 257 2089 n‘dip
287 2001 342 2070 καὶ
375 2004 433 2088 τῆς
465 1998 680 2088 ὑαιρβάσεως
708 1999 791 2068 κατὰ
821 2004 921 2069 τοῦτο
956 1999 1010 2068 καλ
1045 1997 1153 2080 οὕτως
1184 2003 1375 2091 γινομένης

204 2129 419 2140 ——n-——u—-o

239 2189 255 2238 4
274 2181 324 2252 τῆς
343 2178 433 2252 ὁρμῆς
453 2182 533 2236 codd.
553 2181 616 2236 edd.
636 2181 668 2252 τῇ
690 2175 762 2250 ὁρμῇ
778 2198 837 2235 uos.
855 2211 887 2222 -
907 2189 923 2234 t)
943 2177 989 2242 αἶς
1007 2181 1088 2236 codd.
1104 2180 1166 2236 edd.
1187 2178 1230 2244 οἷς
1250 2198 1314 2242 noe,
1338 2214 1373 2226 -

197 2263 237 2312 '1⁶2
257 2249 321 2310 έτελ
339 2253 372 2310 n
393 2255 429 2309 M.
446 2285 482 2342 ¹-
510 2261 541 2308 lt
561 2249 698 2308 τοσούτου
716 2253 766 2306 ani
785 2251 838 2315 ἕως
857 2253 938 2308 eodd.
957 2252 1020 2308 edd.
1040 2252 1088 2307 ιιαλ
1107 2253 1275 2322 delevimus,
1296 2285 1334 2296 -

203 2439 322 2504 etiarn
342 2437 614 2524 appetitionis
639 2435 890 2524 vehementia
910 2456 951 2501 ae
971 2434 1235 2502 redundantia
1259 2437 1372 2504 dieto

160 2577 165 2586 ·
203 2551 275 2632 est,
298 2549 512 2634 propteroa
536 2543 635 2630 quod
660 2549 940 2630 congruentem
970 2543 1048 2609 sibi
1078 2547 1116 2608 et
1141 2545 1370 2612 naturalem

203 2654 494 2744 appetitionum
538 2653 804 2718 constantiam
848 2651 1206 2736 transgrediuntur.
1276 2651 1371 2720 Fiet

202 2766 345 2848 autem,
375 2761 476 2850 qaod
505 2759 607 2844 dieo,
637 2759 708 2826 hoe
737 2759 915 2844 exeruplo
943 2759 1213 2828 marrifestius:
1265 2759 1371 2830 Duru

196 2893 246 2938 ex
279 2871 399 2937 animi
437 2869 643 2935 voluntate
676 2867 908 2951 incedimus,
946 2889 1099 2933 eruerunt
1132 2859 1256 2936 motio
1288 2891 1371 2938 nou

201 2979 410 3064 redundat,
447 2977 512 3042 sed
549 2975 762 3062 respondet
799 2973 962 3061 quodam
999 2975 1110 3042 modo
1147 2977 1370 3064 voluntati,

183 3091 244 3170 ,ut
285 3090 322 3152 et
364 3093 481 3170 stare,
520 3107 601 3151 cunr
644 3083 898 3168 uoluerimus,
944 3089 982 3150 et
1024 3106 1157 3151 rursus
1192 3087 1369 3172 'pergere

202 3194 409 3284 possimus.
474 3194 524 3260 ut
562 3191 601 3258 iu
643 3193 710 3276 iis,
751 3193 816 3279 qui
859 3215 902 3258 ex
939 3193 1146 3259 uoluntate
1188 3198 1369 3278 currunt,

201 3305 355 3371 nonita
384 3302 553 3388 amplius
582 3301 645 3384 iit,
676 3301 740 3366 sed
770 3305 927 3386 praeter
953 3299 1199 3367 voluntatem
1222 3299 1367 3368 redun-

202 3412 269 3479 dat
309 3433 461 3479 crurum
500 3414 637 3496 motio,
677 3413 719 3474 ut
757 3407 978 3474 efferantur
1013 3407 1136 3474 effusi
1172 3429 1255 3492 nee,
1297 3409 1368 3474 ubi

203 3521 322 3588 semel
356 3522 579 3606 coeperint,
613 3519 773 3586 valeant
801 3515 988 3583 contiuuo
1017 3516 1218 3584 moderato
1247 3537 1366 3583 eursu

201 3629 308 3697 ferri.
366 3627 515 3706 Quibus
549 3629 679 3696 siurilu
712 3625 802 3712 quid
837 3625 877 3690 iu
909 3623 1009 3708 ipsis
1042 3623 1367 3711 appetitionibus

202 3735 382 3804 accidere
419 3737 512 3805 mihi
546 3737 708 3804 videtur
745 3759 805 3818 eo,
838 3732 936 3819 quod
970 3733 1144 3799 rationis
1177 3737 1366 3800 constan·

201 3845 297 3912 tiam
322 3845 527 3932 excedunt,
556 3850 609 3930 ut,
641 3867 723 3913 eunr
748 3842 943 3928 appetitio
967 3841 1032 3924 fit,
1062 3863 1143 3908 uon
1162 3841 1367 3928 obteinpe-

201 3959 289 4022 rent
313 3954 390 4038 illi,
419 3977 503 4020 euru
528 3953 788 4020 redundantia
812 3951 969 4018 dicatur
997 3949 1035 4016 in
1060 3973 1178 4016 eursu
1200 3953 1367 4036 praeter

202 4063 421 4150 appetitum
447 4061 552 4145 fieri,
576 4062 615 4128 iu
636 4059 816 4148 appetitu
836 4082 926 4126 vero
949 4057 1036 4144 ipso
1059 4061 1219 4145 praeter
1236 4059 1365 4126 ratio·

201 4193 295 4238 nem.
354 4170 449 4237 Num
486 4169 687 4236 naturalis
726 4167 993 4255 appetitionis
1031 4165 1258 4234 constantia
1296 4190 1366 4253 per

202 4279 397 4346 rationem
436 4277 621 4344 efficitur
653 4301 695 4344 ae
732 4277 897 4360 tamdiu,
934 4275 1116 4362 quamdiu
1150 4275 1237 4362 ipsa
1269 4275 1364 4344 vult.

203 4387 450 4472 Quapropter
473 4408 553 4452 rum
579 4387 623 4452 ad
649 4387 747 4454 hune
774 4386 923 4452 ruoduru
948 4391 985 4450 et
1015 4385 1071 4452 itu
1094 4385 1364 4470 transgressio
