3022 5038
572 343 614 358 ·-
661 311 816 378 583-

96 467 122 558 'l
154 465 254 558 ἇρχὴ,
277 471 428 539 ἐνταῦθα
447 467 533 538 εἶναι
552 467 590 540 τὸ
613 467 824 559 ἡγεμονικόν,
848 469 930 563 ὅπερ
954 475 1009 544 καὶ
1027 471 1153 564 ἀληθές
1172 481 1272 550 ἐστιν.

92 575 196 647 ἀλλὰ
221 575 241 666 ἦ
264 602 301 665 γε
325 585 584 665 προσληφθεῖσα
615 581 758 667 δεομένη
786 579 849 668 μὲν
877 581 910 664 ἐξ
938 578 1108 672 ἀνατομῆς
1130 583 1271 677 εὑρεθῆ-

96 713 183 763 ναι,
207 687 457 774 κατεψειισμένη
482 684 519 754 δὲ
542 681 609 754 ὑπὸ
634 687 774 756 ἐκείνων
796 690 965 776 οἰομένων
987 692 1024 760 έκ
1050 695 1109 780 τῆς
1131 699 1271 785 καρδίας

94 792 283 883 ὁρμᾶσθαι
315 791 356 863 τό
390 797 493 881 νεῦρα
528 793 648 874 ψευδὲς
684 794 820 877 είκότως
853 796 1020 884 εἰργάζετο
1052 803 1114 870 τοῦ
1145 801 1271 886 παντὸς

94 903 216 990 λόγου
238 901 276 972 τὸ
297 903 528 992 συμπέρασμα.
565 907 624 970 καί
643 903 732 982 τινές
755 929 790 989 γε
810 907 880 972 τῶν
903 901 965 974 οὐκ
983 901 1162 997 ἀλήθειαν,
1184 907 1297 983 elme

96 1118 146 1190 τὸ
186 1123 289 1188 αιἰσιν
327 1117 603 1207 ὁμολογούμενον
641 1123 835 1206 ἔμπροσθεν
875 1122 988 1208 λῆμμα
1029 1127 1277 1213 καταγέλαστοι·

96 1229 228 1308 τελέως
255 1225 441 1316 ἐφάνησαν.
493 1227 629 1315 ἐδείχθη
659 1223 722 1311 γὰρ
751 1222 815 1295 ἀπὸ
846 1222 950 1316 αὐτῆς
974 1232 1037 1298 τοῦ
1064 1233 1269 1322 ζητουμένων

97 1335 302 1424 πράγματος
324 1339 383 1423 τῆς
405 1339 529 1414 οἰκείας
551 1333 686 1420 φύσεως
711 1329 728 1422 ἢ
753 1330 871 1414 οὐσίας
898 1329 917 1423 ἢ
942 1331 1032 1418 ὅπως
1054 1335 1098 1408 ἄν
1119 1365 1170 1421 τις
1191 1337 1269 1412 δνο-

99 1443 225 1534 μιὶζειν
257 1445 375 1534 έθέλη,
407 1439 471 1530 τὴν
499 1449 613 1511 πίστιν
645 1447 724 1531 ἕχον
756 1439 960 1531 ἡγεμονικὸν
991 1441 1079 1514 εἶναι
1107 1443 1268 1519 ἁπάντων
1282 1477 1308 1516 ιο

103 1553 286 1620 νοοίιντων
312 1552 367 1620 καί.
400 1549 570 1638 λεγόντων
596 1548 634 1620 τὸ
662 1550 830 1639 κατόρχον
858 1549 1048 1638 αἰσθήσεως
1073 1579 1108 1622 τε
1132 1555 1186 1624 καί
1209 1560 1269 1646 τῆς

101 1657 187 1728 καθ’
219 1657 329 1749 ὁρμὴν
359 1657 532 1747 κινήσεως·
566 1660 702 1746 ἐδείχθη
733 1661 770 1727 δὲ
802 1665 874 1739 καί,
905 1655 952 1740 ὡς
983 1655 1085 1741 αὐτὸς
1116 1658 1135 1731 ό
1168 1662 1268 1752 λόγος

101 1765 226 1856 ἀρχαῖς
257 1766 319 1854 μέν
352 1763 414 1836 οὐκ
445 1771 535 1834 ἐστιν
567 1762 776 1853 ἀρκούμενος
808 1765 975 1854 ἐνδόξοις,
1007 1764 1051 1838 οὐ
1080 1767 1151 1858 μὴν
1181 1767 1266 1842 ἀλλὰ

102 1877 379 1963 έπιστημονικοῖς
410 1889 480 1956 τοῖς
509 1873 656 1962 λήμμασι
687 1875 905 1962 κεχρημένος.
937 1871 1017 1964 ὅπερ
1051 1877 1143 1947 ι’διόν
1174 1879 1267 1950 ἐστιν

102 1982 341 2071 ἀποδεικτικῆς
362 1982 526 2070 μεθόδου.
576 1977 618 2052 οὐ
645 1980 754 2070 μόνον
782 1979 819 2050 δέ
846 1980 927 2064 τοὺς
952 1985 1028 2073 περί
1057 1990 1165 2074 ψυχῆς
1192 1983 1334 2076 elye-m

100 2095 251 2181 μονιιιοῦ
269 2090 392 2178 λόγους
408 2086 640 2178 ἠρωτημένους
660 2091 665 2180 Ι
686 2085 750 2158 ὑπὸ
766 2086 880 2159 αὐτῶν
898 2093 1088 2180 ἐλέγχοντες
1101 2093 1265 2183 έμηκόνα-
1281 2131 1307 2173 u

142 2297 159 2345 4
179 2286 287 2350 ιοεοδὶς
305 2305 359 2345 om.
374 2287 411 2344 M.
432 2319 464 2330 -·
485 2281 575 2344 είκότ’
589 2287 627 2344 Μ.
648 2317 681 2328 -
702 2294 735 2342 10
755 2283 829 2342 εἶναι
849 2291 915 2359 post
935 2283 1106 2360 ἡγεμονικὸν
1125 2307 1175 2348 not
1187 2291 1263 2350 inuo-

100 2363 227 2422 rnimnn;
249 2359 283 2416 οδ.
302 2361 387 2442 Proll.
407 2379 435 2432 p.
455 2367 515 2416 ¹09.
536 2392 568 2401 —
596 2365 629 2436 λθ
649 2359 702 2430 μέν
721 2355 798 2440 ἐστιν
816 2354 904 2426 α’ρκεί
918 2357 1005 2432 μόνος
1024 2361 1110 2418 llAB
1136 2383 1163 2436 μ.
1188 2359 1265 2420 ἐστιν

102 2429 196 2502 μόνον
216 2432 287 2488 Clrli
306 2437 388 2502 λοχος
407 2427 460 2488 οόκ
479 2427 565 2499 docet
584 2439 685 2500 αρχαὶς
704 2451 793 2500 μονον
812 2429 893 2487 Corn.
919 2430 971 2504 piu
990 2428 1044 2488 οόιι
1064 2433 1140 2490 ἔστιν
1158 2429 1264 2505 δροσό-

102 2525 191 2574 μενος
204 2521 270 2562 noo:
285 2503 320 2559 cl.
335 2505 419 2561 l'roll.
435 2523 462 2572 μ.
473 2511 515 2560 οἵ.
531 2535 565 2546 -
581 2500 634 2559 orio
649 2499 777 2570 ἐνδόξοις
792 2503 870 2558 codd.
887 2505 949 2560 edd.
966 2501 1019 2561 οόκ
1033 2505 1188 2563 delevimus
1199 2525 1263 2565 curn

103 2578 187 2635 Corn.
209 2607 243 2618 -
264 2571 401 2648 ἐνδόξοις,
420 2571 491 2632 ἄλλό
510 2576 560 2632 καί
580 2571 668 2633 lutor.
688 2573 770 2631 Corn.
790 2605 822 2616 ·-

103 2767 171 2832 quo
194 2743 317 2826 dicunt,
340 2741 397 2808 nbi
420 2765 594 2809 nervorum
614 2741 708 2827 origo
732 2741 786 2822 sit,
809 2739 855 2805 ibi
880 2763 951 2806 esse
976 2741 1077 2808 enimi
1100 2743 1263 2830 principo-

11 2859 19 2866 '
101 2859 185 2920 tum.
238 2850 328 2928 Quae
359 2849 421 2914 etsi
450 2872 527 2916 reru
555 2855 619 2921 est,
646 2853 758 2913 tumen
786 2847 844 2914 illu
869 2855 1030 2934 assumta,
1063 2871 1160 2936 qnae,
1187 2875 1262 2922 cum

102 2961 239 3026 deberet
266 2981 305 3024 ex
334 2959 499 3024 anatomia
530 2957 612 3044 peti,
645 2957 686 3024 ab
710 2955 751 3021 iis
780 2957 920 3022 conficta
948 2961 1013 3042 est,
1044 2959 1100 3046 qni
1124 2983 1142 3024 e
1165 2961 1262 3028 corde

101 3091 223 3136 nervos
257 3083 365 3133 ortum
398 3065 518 3130 lrobcre
555 3066 790 3150 opinabuntur,
821 3063 940 3130 falsam
970 3065 1126 3132 nimirum
1158 3068 1261 3136 totius

101 3177 241 3244 rationu
266 3173 508 3241 conclusionem
532 3173 647 3239 etl'eeit.
689 3173 736 3238 Ae
761 3171 910 3238 nonnulli
933 3173 1063 3259 quidem
1088 3196 1125 3242 cx
1149 3199 1262 3244 eorum

102 3306 254 3366 numero,
281 3283 399 3369 quibus
421 3305 488 3348 non
512 3284 648 3364 veritos,
677 3280 747 3364 scel,
770 3301 852 3365 quae
881 3281 923 3346 ob
947 3281 1043 3348 initio
1067 3289 1262 3372 statuerunt,

102 3392 297 3480 probantur,
321 3391 518 3456 sumtioncm
538 3391 680 3474 priorem
700 3389 742 3454 ab
766 3388 918 3454 omnibns
939 3412 1128 3458 concessum
1151 3393 1261 3458 cunuti

103 3499 305 3567 labefactare
338 3499 439 3564 risum
475 3520 608 3582 prorsus
638 3501 819 3564 movercmt.
873 3495 1142 3564 Demonstrotnm
1173 3499 1261 3566 enim

103 3613 156 3674 est
178 3629 217 3672 ex
245 3607 317 3692 ipsu
342 3606 387 3671 rei
417 3606 583 3691 quaesitae
613 3607 747 3692 proprio
776 3604 826 3669 rel
854 3609 973 3670 notura
1000 3605 1051 3670 vel
1076 3606 1262 3672 substantia

102 3717 154 3782 vel
180 3737 370 3802 quocunque
394 3713 525 3780 nomine
550 3715 716 3800 appellare
740 3713 882 3778 volueris
906 3712 987 3780 illud
1010 3713 1107 3780 iidem
1131 3703 1264 3800 huberc,¹

104 3825 326 3912 principatum
350 3821 451 3888 animi
476 3843 513 3886 cx
543 3823 687 3888 omniurn
719 3821 944 3908 intellegentia
972 3827 1005 3886 ct
1031 3821 1159 3888 dicendi
1187 3843 1261 3888 con·

104 3932 276 3998 suetudine
309 3931 342 3996 id
375 3953 460 4014 esse,
493 3931 576 3996 unde
606 3939 637 3995 et
667 3954 779 3995 seusus
809 3937 842 3995 et
869 3929 1076 3997 voluntariae
1105 3931 1260 3998 motionis

104 4039 303 4128 principium
326 4037 511 4122 duceretur,
541 4061 599 4104 nec
630 4039 736 4104 minus
765 4038 873 4124 ipsam
901 4037 1170 4104 honorationem
1193 4059 1260 4104 non

104 4147 309 4234 acquiescere
333 4145 367 4212 in
392 4147 617 4232 probahilibus
643 4145 830 4231 principiis.
859 4145 928 4228 sed,
959 4147 992 4213 id
1019 4145 1104 4232 quod
1127 4143 1259 4212 clemon-

104 4255 228 4322 etruudi
253 4255 334 4320 ortis
360 4255 493 4341 cinoque
518 4256 687 4340 proprium
711 4265 771 4324 est.
794 4255 1013 4320 suffitionibus
1036 4254 1096 4338 uti,
1117 4275 1200 4340 quae
1224 4253 1259 4320 in

103 4361 281 4432 disserendi
305 4363 470 4450 elegantia
493 4369 709 4430 versarentur.
755 4361 877 4429 l‘ernnr
900 4385 967 4430 non
993 4361 1029 4430 in
1054 4361 1096 4428 iis
1127 4365 1258 4430 tentum
