2966 5012
741 343 963 410 „20-

276 505 414 574 bachius
433 503 622 573 observavit
643 505 677 570 in
700 505 822 570 Aunot.
847 503 887 570 ud
909 503 1006 570 Bakii
1034 503 1074 570 de
1103 503 1282 572 Posidonio
1307 502 1444 570 Rhodio

276 597 425 682 libellum
449 611 566 702 (Lugd.
584 613 658 680 Bal.
677 610 776 698 1810)
801 635 830 696 p.
849 613 924 678 284.
948 611 983 677 P.
1005 614 1069 679 798
1094 616 1177 680 extr.
1200 611 1333 678 foedum
1356 611 1444 677 illud

277 723 417 790 Aldinae
440 717 521 788 ἄλλο
543 745 573 786 τι
594 717 705 808 κύκλῳ
728 720 877 804 περεεῑν
899 743 958 786 nee
975 719 1167 786 Charterius
1191 743 1251 787 uec
1266 719 1444 786 Kuelmins

277 831 424 898 funditus
455 830 655 896 sustulerunt
686 829 865 894 scribentes
895 824 1029 912 περιόνς
1060 828 1175 894 Maro:
1208 823 1335 912 περιιὸν
1363 829 1385 892 i.
1417 851 1445 893 e.

276 932 419 1024 περιιὸν,
433 937 705 1024 quemadmodum
720 937 754 1001 iu
769 935 859 1000 codd.
869 934 1028 1020 Platonis,
1043 959 1060 1000 e
1075 935 1167 1001 euius
1182 957 1249 1020 rep.
1263 931 1309 1020 (p.
1319 936 1388 1000 436
1398 934 1444 1020 D)

276 1045 378 1114 rerba
391 1044 450 1110 illa
464 1045 613 1110 desumto
627 1047 717 1128 siml,
735 1043 891 1128 seriptum
908 1047 966 1108 est
991 1043 1099 1129 Atque
1119 1042 1173 1108 his
1186 1043 1318 1128 quidem
1334 1065 1444 1108 exeru-

276 1152 343 1238 plis
366 1152 448 1217 sutis
467 1152 726 1218 demonstratum
750 1173 821 1216 esse
840 1155 935 1236 puto,
956 1173 1023 1218 uon
1042 1173 1164 1237 paucos
1188 1150 1279 1217 locos
1303 1155 1444 1216 accentu

278 1265 311 1326 et
341 1259 459 1346 spiritu
490 1282 661 1345 perperam
692 1259 726 1324 iu
758 1258 787 1324 A
818 1259 936 1344 positis
967 1259 1002 1325 in
1034 1257 1151 1324 ceteris
1183 1257 1253 1323 edd.
1283 1258 1444 1343 deprava-

278 1371 331 1432 tos
355 1389 435 1434 esse.
617 1367 623 1377 ’

369 1473 522 1560 Sequitur
545 1476 683 1562 alterum
715 1495 817 1560 genus
840 1473 1047 1556 merularum,
1075 1473 1162 1560 qnod
1191 1495 1209 1538 e
1237 1473 1360 1540 litteris
1392 1475 1445 1538 rel

278 1582 417 1667 syllabis
441 1584 650 1648 commutatis
680 1587 829 1646 errustare
853 1581 929 1646 dixi.
975 1580 1013 1646 ld
1037 1582 1200 1646 latissime
1229 1585 1335 1666 patet,
1365 1582 1443 1666 quia

278 1711 394 1754 causae
418 1688 514 1754 huius
539 1689 713 1775 pravitatis
738 1688 878 1754 maxime
905 1687 1013 1753 variae
1042 1702 1132 1772 sant,
1161 1712 1234 1754 eum
1263 1695 1321 1754 aut
1349 1711 1366 1752 e
1398 1689 1445 1752 ri-

277 1797 363 1864 tiosa
382 1797 647 1882 pronuntiatione
663 1801 720 1861 ant
735 1821 752 1858 e
767 1797 921 1862 (luctuum
937 1797 1153 1862 similitudine
1173 1799 1231 1862 aut
1246 1819 1263 1859 e
1280 1796 1445 1860 coecitate

278 1904 388 1990 aliqua
415 1903 626 1970 librariorum
654 1903 846 1988 repetendae
875 1903 949 1968 siut.
1001 1904 1065 1968 sed
1094 1927 1134 1968 ne
1166 1905 1285 1988 longus
1314 1903 1379 1970 sim
1410 1904 1444 1968 in

277 2017 370 2078 tanta
390 2011 578 2076 mendorum
599 2011 807 2076 multitudine
828 2011 1059 2094 enumeranda,
1082 2032 1120 2076 ea
1140 2013 1269 2076 tantum
1289 2012 1445 2096 exempla

278 2119 453 2205 eligamus,
481 2139 563 2202 quae
592 2141 629 2182 ex
654 2117 774 2182 Aldina
802 2119 836 2184 in
866 2119 1065 2204 posteriores
1090 2119 1251 2184 editiones
1279 2119 1446 2183 fluxerunt

278 2229 335 2292 aut
357 2247 530 2311 perperam
554 2224 601 2288 ibi
625 2229 771 2290 correcta
797 2235 887 2308 suut,
911 2230 1008 2310 atque
1033 2227 1189 2309 primum,
1213 2248 1296 2310 quam
1321 2237 1403 2291 sunt
1428 2248 1445 2288 e

277 2333 364 2398 mala
392 2333 658 2417 pronuntiatione
682 2331 941 2416 Bp'urrntinorum
970 2337 1051 2398 orta.
1098 2333 1132 2398 l'.
1157 2335 1222 2398 418
1251 2336 1329 2417 post
1358 2334 1444 2398 med.

277 2461 406 2505 versum
430 2439 644 2524 Euripideum
666 2439 784 2504 aldius
810 2440 855 2504 sie
881 2439 1039 2523 seriptum
1064 2439 1182 2520 lrabet3
1203 2434 1248 2524 μή
1271 2463 1329 2524 μοι
1355 2463 1446 2506 νεο-

277 2557 364 2631 oola
390 2541 582 2630 προσπεσὸν
612 2542 722 2629 ψυχὴν
751 2541 857 2612 oriam.
908 2545 1036 2612 Vitium
1065 2547 1199 2630 duplex,
1230 2547 1316 2632 quod
1346 2547 1444 2612 Basi-

276 2654 402 2718 leenses
426 2660 629 2739 receperunt,
654 2651 844 2718 t‘harterius
869 2657 901 2718 et
921 2653 1091 2718 Kuehnius
1110 2655 1196 2718 male
1220 2662 1445 2724 correxerunt.

277 2783 352 2826 eum
380 2758 549 2825 ediderrmt
580 2771 720 2840 νεαραῖς.
766 2760 884 2825 Melius
909 2760 1022 2826 Maro:
1055 2773 1209 2842 νεωρνῑς,
1240 2783 1444 2848 quumquom

277 2891 377 2934 arnum
407 2872 509 2932 restat
538 2866 700 2931 mendum.
746 2865 960 2934 Scribendum
988 2873 1038 2933 est
1069 2867 1268 2956 νεῶρεςῦὃ).
1315 2869 1349 2935 l'.
1376 2873 1442 2936 lili

278 2975 320 3040 in.
344 2974 511 3056 mendum,
540 2974 630 3038 errius
655 2971 688 3037 M
713 2972 744 3038 h.
767 2973 787 3038 l.
816 2997 930 3060 expers
955 2979 1017 3059 est,
1045 2977 1119 3041 inde
1149 2976 1190 3040 ab
1215 2976 1337 3042 Aldina
1367 3001 1443 3062 pra-

278 3085 436 3166 pagatum
461 3084 523 3146 est:
557 3073 598 3144 οὐ
622 3076 712 3162 λήγει
740 3081 806 3144 τῶν
830 3085 1011 3164 γενναίων,
1039 3080 1120 3166 πρὶν
1147 3075 1192 3149 cir
1214 3121 1259 3130 -
1286 3078 1350 3150 ὑπὸ
1382 3086 1444 3150 τοῦ

278 3182 382 3270 λόγον
404 3187 466 3251 τοῦ
489 3181 565 3270 παρ’
593 3181 681 3273 stirpi
706 3181 930 3266 ἀνακλιθεὶς
953 3191 1128 3276 apaiivtlp:
1160 3189 1250 3276 Lege
1279 3185 1443 3278 ἀνακλη-

282 3295 387 3374 θείς,
411 3293 497 3378 quod
520 3293 555 3358 in
578 3293 611 3358 M
637 3299 668 3358 et
692 3295 882 3360 melioribus
908 3296 998 3362 codd.
1021 3297 1170 3364 Platonis
1190 3335 1232 3346 -
1247 3321 1326 3364 uam
1350 3301 1444 3366 loeus

279 3422 296 3464 e
320 3399 403 3464 Plat.
427 3400 466 3464 de
491 3422 556 3485 rep.
580 3399 697 3466 4401)
723 3403 904 3488 exscriptus
930 3417 979 3469 est
1002 3442 1044 3451 —
1070 3409 1186 3470 exstat.
1217 3405 1252 3470 P.
1268 3407 1333 3472 518
1354 3408 1442 3472 alius

279 3505 370 3572 loeus
394 3505 596 3590 Platonicus,
620 3509 675 3592 qui
699 3510 820 3576 ibidem
845 3533 875 3595 p.
899 3514 964 3578 ὁδ’.)
986 3511 1016 3576 Α
1041 3511 1220 3596 invenitur,
1244 3514 1291 3578 sie
1315 3513 1350 3578 in
1372 3515 1443 3578 edd.

280 3611 395 3678 Galeni
415 3619 586 3697 corruptus·
607 3631 669 3682 est:
692 3617 762 3694 πῶς
776 3609 820 3682 dv
841 3613 911 3703 ἥὸη
932 3617 1004 3704 μέν
1025 3641 1075 3696 τις
1094 3613 1207 3684 αὐτῶν
1227 3613 1442 3704 ἀληθέστατα

278 3717 404 3804 lipom
445 3720 484 3786 Iu
508 3721 542 3786 M
565 3721 741 3806 vestigium
769 3725 930 3808 quoddam
960 3749 1055 3792 verae
1084 3726 1236 3792 lectionis
1260 3728 1442 3812 deprehen-

278 3827 379 3910 ditur3
408 3827 454 3892 ibi
479 3827 565 3894 enim
589 3829 662 3912 eidp
690 3825 752 3912 μὲν
776 3831 934 3916 seriptum
959 3839 1023 3917 est,
1050 3835 1070 3900 i.
1094 3857 1120 3898 e.
1144 3835 1291 3920 εἰδεῖμεν
1314 3835 1373 3926 (au
1398 3839 1441 3903 el·

280 3933 466 4022 δείημενῗ),
489 3957 553 4020 quo
577 3937 729 4002 restituto
753 3947 860 4004 retem
884 3961 950 4006 nou
973 3963 1065 4006 secus
1085 3948 1183 4026 utrque
1202 3942 1237 4007 iu
1257 3945 1349 4010 codd.
1369 3945 1442 4011 Pla-

352 4200 386 4270 ³⁸)
405 4199 582 4255 Greeubillus
601 4199 628 4254 iu
649 4201 706 4256 lau.
725 4201 873 4260 Henschel.
894 4205 918 4272 1,
938 4212 990 4262 028
1009 4206 1092 4262 scribi
1112 4207 1174 4264 rull
1197 4209 1303 4279 νεωφὲς
1325 4215 1357 4268 et
1376 4229 1441 4268 saue

278 4283 420 4358 ὀξυτόνως
439 4289 580 4358 scripsisse
600 4289 731 4343 rideatur
750 4291 855 4346 librarii
875 4293 1003 4350 codicum
1018 4295 1131 4362 Guleui;
1150 4297 1265 4354 atride
1285 4300 1441 4358 llerodiaui

279 4379 350 4436 Reli.
370 4377 413 4434 od.
434 4378 520 4432 Leutz
541 4379 565 4448 1,
584 4386 638 4432 :tuo
657 4383 686 4434 ol
705 4379 826 4436 Nauckii
845 4381 957 4454 l'ragm.
979 4385 1072 4456 llurip.
1092 4393 1153 4444 392.
