2994 5024
577 347 827 414 -271-

160 502 313 594 ’ἐξάγαγ’
340 505 374 588 ίξ
398 503 538 590 άντροιο
562 503 723 593 όιόμενον
746 508 944 575 θανεέσθαι.

160 611 225 694 ’τός
248 609 343 700 ἔφατ’
370 613 408 680 ἐν
431 611 592 700 στήθεσσι
616 614 872 702 καθαπτόμενος
894 621 998 702 φίλον
1023 606 1124 702 ἦτορ)

115 727 145 789 εί
174 717 219 808 μὴ
254 724 371 808 σαφῶς
403 721 442 788 ἐν
468 719 601 800 τούτοις
619 719 765 814 Ὅμηρος
798 723 996 808 ἐκδιηγεῖται
1026 720 1138 810 μάχην
1165 725 1283 810 θυμοῦ

116 827 203 912 πρὸς
220 825 385 916 λογισμὸν
405 829 442 896 ἐν
461 825 561 916 «iudai
581 835 737 922 φρονίμῳ
756 830 809 898 καί
828 835 927 917 νίκην
946 829 1009 917 μεν
1026 833 1089 898 τοῦ
1107 832 1283 918 λογισμοῦ,

116 938 180 1004 τοῦ
203 939 319 1024 θυμοῦ
348 935 384 1004 di
409 933 605 1005 εὐπείθειαν
632 935 716 1024 πρὸς
738 933 860 1020 αὐτόν,
888 933 968 1006 οὐδὲ
997 935 1078 1007 άλλο
1107 933 1211 1006 οὐδὲν
1238 935 1310 1006 cias

117 1071 167 1124 τις
202 1039 282 1130 ἡμῖν
314 1044 540 1132 συγχωρήσειε
577 1045 770 1134 μανθάνειν
806 1049 868 1114 τοῦ
905 1047 1056 1132 ποιητοῦ.
1116 1049 1185 1114 τῶν
1217 1045 1283 1134 γάρ

118 1151 227 1232 οὕτως
259 1153 408 1239 ἐναργῶς
440 1153 633 1242 λεγομένων
665 1157 712 1232 είς
744 1151 953 1242 ἀμφιβολίαν
990 1149 1167 1242 άχθίντων
1202 1149 1282 1222 οὐδὲ

119 1275 190 1340 τοῖς
213 1257 328 1340 ἄλλοις
350 1255 394 1328 ἂν
423 1265 491 1348 ἔχοι
515 1289 565 1340 τις
589 1259 608 1330 d
632 1289 662 1329 τι
686 1259 856 1350 χρήσαιτο.
900 1259 960 1342 τὰς
987 1259 1051 1348 γὰρ
1074 1267 1285 1348 θεραπαίνας

119 1365 380 1456 ἁμαρτανούσας
412 1364 505 1456 ‹ipris›
530 1365 707 1450 Ὀὁνσσεὺς
741 1367 805 1438 ὑπὸ
833 1369 897 1458 μὲν
929 1373 990 1437 τοῦ
1016 1373 1133 1458 θυμοῦ
1165 1374 1285 1457 βιαίως

121 1479 245 1544 εἵλκετο
279 1473 363 1562 πρὸς
394 1475 457 1563 τὴν
488 1483 654 1564 τιμωρίαν
686 1473 818 1558 αὐτῶν,
855 1474 921 1546 ὑπὸ
955 1475 992 1545 di
1024 1480 1087 1546 τοῦ
1118 1480 1323 1566 heytereseim

124 1589 289 1671 κατείχετο
314 1582 377 1671 τὴν
400 1580 559 1670 ἀκαιρίαν
582 1585 850 1666 ε’κθιόάσκοντος.
891 1585 961 1652 ἐπεὶ
985 1583 1021 1653 di
1047 1580 1108 1653 οὐκ
1132 1581 1282 1673 ἠόόνατο

121 1693 245 1782 (indicae
277 1699 412 1760 πείθειν
444 1689 462 1760 ὁ
495 1691 657 1781 λογισμὸς
688 1691 749 1762 τὸν
780 1691 896 1782 θυμὸν
927 1689 1188 1782 άναξβάλλεσθαι
1219 1692 1350 1782 tirason

123 1805 287 1886 τιμωρίαν
306 1803 355 1879 είς
374 1801 641 1886 ἐπιτηδειότερον
659 1800 791 1888 καιρόν,
815 1799 1048 1888 σφοδρότερον
1070 1797 1161 1894 αὐτῷ
1179 1821 1282 1890 προσ-

121 1909 273 1992 φίρεται,
315 1907 470 1994 καθάπερ
512 1911 617 1976 ἵππον
663 1907 891 1996 ἐκφερόμενον
933 1907 1069 1997 ἡνίοχος
1109 1905 1283 1980 άντιστιτὸν

122 2021 238 2098 βιαίως
261 2019 387 2108 ι’σχνρῷ
411 2018 552 2108 χαλινῷ,
580 2016 635 2084 καί
660 2015 702 2100 δὴ
726 2018 781 2084 καί.
805 2015 910 2086 ταῦτά
933 2039 1015 2105 φησι
1039 2017 1124 2104 πρὸς
1147 2017 1322 2088 tamtus

123 2123 279 2210 ’καρτίρει
311 2123 394 2192 κατὰ
422 2121 460 2192 τὸ
489 2123 616 2212 παρόν,
648 2115 674 2192 ci
707 2125 927 2212 γενναιοτάτη
956 2130 1093 2214 καρόία,
1127 2125 1282 2216 καθάπερ

162 2330 172 2375 1
194 2315 348 2392 ε’ξαγάγετ’
372 2316 488 2390 άντροίο
507 2321 537 2377 L.
561 2353 597 2364 -
621 2329 637 2377 ’λ
662 2317 766 2389 ἔφαντ’
791 2323 829 2378 M.
854 2355 887 2364 -
912 2331 929 2379 4
954 2317 986 2378 dv
1010 2316 1140 2407 dedatis
1167 2319 1200 2380 ίτ
1224 2341 1280 2381 om.

124 2391 300 2474 hiriBChlir
323 2393 363 2486 τί.1
378 2393 462 2449 Ριολλ.
486 2411 513 2464 p.
534 2401 595 2478 ‚¹⁰²
615 2425 650 2436 -
674 2403 690 2448 ίι
710 2391 821 2478 ἄνισοι.
841 2395 872 2450 L.
894 2426 923 2478 ”.'
950 2403 1159 2478 θσνγχωρῃσει
1180 2391 1282 2466 danav-

123 2467 228 2520 θανειν
250 2465 384 2520 nsssth
413 2485 621 2535 σνγχωρησειεν
646 2461 707 2537 dun.
732 2467 757 2522 h
781 2485 970 2554 σογχωρησειε
1000 2471 1164 2538 μανθανεικ
1186 2467 1221 2534 Ιις
1245 2469 1282 2524 cf.

124 2535 206 2590 Proh.
229 2554 257 2608 p.
283 2543 326 2592 tt.
351 2567 382 2578 —
414 2543 429 2592 ἵ
454 2537 639 2610 φαινομένων
662 2555 713 2608 pro
736 2543 898 2610 λεγομενων
921 2539 952 2594 L.
979 2569 1015 2580 -
1043 2537 1205 2608 λεχθέντων
1228 2557 1282 2611 pro

124 2603 271 2735 {mmsis
289 2609 326 2722 1:
342 2641 371 2652 -
395 2603 460 2665 οὔτε
481 2611 512 2666 L.
532 2641 567 2652 -
586 2617 602 2666 8
622 2607 677 2680 γάρ
696 2627 750 2668 om.
770 2611 801 2667 L.
823 2642 854 2652 -
874 2617 891 2668 9
910 2605 987 2680 dcciv
1006 2605 1034 2666 δ’
1051 2611 1081 2666 L.
1100 2641 1136 2652 -
1158 2617 1189 2666 lt
1208 2607 1282 2682 πρὸς

215 2881 352 2966 durasti,
377 2903 415 2947 ex
440 2883 528 2948 antri
551 2881 653 2948 donee
676 2889 709 2948 te
732 2883 847 2950 limine
870 2883 1012 2970 prudens

214 2991 387 3056 consilium
411 2991 546 3076 eripuit,
570 3015 643 3058 cum
667 2993 735 3058 iam
758 2991 924 3058 interiisse
947 2996 1089 3078 putares.

215 3097 266 3163 u'ic
290 3099 339 3163 ait
362 3098 415 3164 his
438 3119 495 3165 eor
518 3101 686 3187 castigans
710 3099 770 3166 sub
794 3105 927 3184 pectore
950 3097 1070 3166 dictis?

125 3201 186 3268 His
215 3205 362 3270 versibus
390 3207 454 3272 nisi
483 3207 642 3273 Homerus
670 3208 810 3274 rationis
838 3213 871 3272 et
899 3205 1087 3274 iracundiae
1115 3213 1281 3276 certamen

126 3312 158 3376 ia
193 3313 259 3378 uiro
292 3313 452 3398 prudente
486 3324 597 3398 aperte
632 3315 773 3400 explieat
806 3316 1009 3402 rationisque
1043 3316 1215 3382 victoriam
1248 3323 1281 3382 et

127 3421 259 3486 alterins
282 3421 537 3506 oboedientiam,
559 3423 643 3489 nihil
668 3425 816 3508 proiecto
841 3423 929 3489 aliud
954 3424 1032 3508 erit,
1055 3423 1142 3509 quod
1165 3423 1238 3509 quis
1263 3445 1280 3488 e

126 3534 220 3612 poeta
238 3529 334 3596 nohis
354 3529 477 3595 discere
492 3532 657 3598 concedat.
690 3531 776 3597 Nam
796 3533 823 3596 si
844 3535 912 3597 tam
932 3535 1046 3616 apertu
1065 3531 1100 3596 in
1119 3530 1280 3617 ambigui·

128 3640 225 3704 tatem
249 3637 438 3720 trahuntur,
468 3659 509 3702 ne
534 3639 608 3705 aliis
627 3640 757 3726 quidem
781 3639 944 3726 ιμιοιιιοάο
971 3643 1085 3704 utatur
1107 3638 1279 3724 quisquam

126 3743 265 3812 habebit
306 3745 473 3812 Nimirum
497 3745 624 3832 flagitia
649 3749 842 3814 ancillarum
867 3747 979 3812 Ulixes
1003 3746 1117 3812 ridens
1140 3767 1213 3812 cum
1237 3747 1279 3812 ab

126 3855 290 3921 iracundia
315 3854 355 3920 ud
386 3854 565 3938 prmieadas
595 3877 649 3920 eus
678 3856 839 3922 uiolenter
862 3855 1061 3938 traheretur,
1091 3853 1178 3920 ratio
1206 3877 1279 3920 eum

127 3961 171 4025 rei
203 3963 453 4048 importunitate
485 3963 709 4029 demonstrata
744 3963 928 4029 cohibebat.
980 3963 1142 4039 Quoniam
1170 3965 1279 4028 autem

127 4091 165 4132 ea
187 4089 247 4136 uon
271 4069 370 4136 facilc
393 4075 523 4155 poterat
543 4072 745 4138 iracundiam
771 4093 959 4157 permovere
983 4069 1024 4134 ad
1043 4069 1219 4135 vindictum
1246 4071 1279 4137 in

127 4190 251 4260 tempus
283 4179 391 4262 magis
431 4183 652 4264 opportunum
690 4179 917 4262 differendum,
949 4177 1174 4244 uehementius
1206 4199 1279 4244 eam

128 4283 273 4370 corripit,
311 4287 584 4372 quemadmodum
623 4309 741 4374 equum
779 4291 973 4352 ett‘renatam
1007 4307 1115 4352 sessor
1151 4285 1279 4352 validus

129 4391 244 4460 iniecto
276 4395 368 4462 freno
397 4395 559 4462 violenter
582 4395 736 4480 retrahit,
767 4401 866 4482 atque
894 4395 974 4460 haee
1003 4417 1126 4460 secum:
1168 4392 1279 4460 ‘dura'
