2980 5020
712 284 960 350 ..300-

253 444 371 523 τελὲως
394 441 541 530 ἄχρηστά
566 443 658 511 ἐστιν
690 441 820 524 εἰςτὰς
850 440 971 531 ἠθικῶς
997 471 1033 512 τε
1061 445 1116 512 καί
1145 447 1324 528 πολιτικὰς
1348 445 1417 518 ὀνο-

254 552 440 639 μαζομένας
463 547 582 636 άρετάς
604 576 639 619 τε
662 551 716 618 καὶ
741 551 891 638 πράξεις,
915 550 1027 638 ῶσπερ
1057 578 1094 639 γε
1117 553 1170 620 rai
1198 559 1247 634 είς
1270 555 1333 636 τὰς
1357 559 1418 622 τῶι·

257 662 408 745 ψυχικῶν
440 663 562 726 παθῶν
602 659 715 739 ίάσεις.
764 661 819 726 καί
859 661 1039 746 γέγραπται
1083 660 1157 747 περὶ
1196 661 1314 732 αὐτῶν
1358 662 1416 731 inu

254 769 476 852 Ξενοφῶντος
498 765 629 852 άριστα,
652 773 697 855 μη
718 767 827 854 μόνον
847 765 953 836 αὐτοῦ
971 772 1031 854 της
1049 765 1232 856 ἀχρηστίας
1255 799 1415 858 κατεγνω-

228 871 366 956 νκότος,
394 871 478 942 άλλα
505 876 560 942 καὶ
586 875 773 962 Σωκράτην
803 875 994 960 ηάσκοντος
1026 873 1115 944 οὕτω
1139 895 1296 964 φρονεῖν.
1343 879 1416 968 ὁμο-

255 986 392 1068 λογοῦσι
418 981 454 1051 ὁὶ
487 979 576 1074 αὐτῷ
601 982 655 1050 καὶ
690 987 725 1050 oi
755 981 850 1050 άλλοι
885 987 945 1051 τοῦ
968 983 1175 1072 Σωκράτους
1203 988 1330 1074 ἑταῖροι
1362 991 1410 1055 zui

255 1087 401 1159 Πλάτων
441 1087 557 1173 αὐτός,
599 1088 635 1171 ὃς
671 1089 734 1178 τὴν
770 1089 920 1178 ηνσικην
958 1101 1109 1178 θεωρίαν
1145 1099 1185 1183 τη
1229 1103 1414 1183 μιλοσοριίι

254 1199 417 1284 προσθείς
452 1204 578 1290 Τιμαίῳ
611 1195 771 1285 ἀναφέρει
813 1198 875 1267 τὸν
914 1201 989 1286 περὶ
1032 1198 1135 1287 αὐτῆς
1176 1203 1299 1290 λόγον,
1341 1202 1411 1290 οὐχὶ

255 1305 440 1390 Σωκράτει,
463 1304 615 1392 καθάπερ
639 1307 693 1373 κιά
719 1305 781 1394 την
805 1307 855 1374 εἰιλ
881 1309 984 1375 ιιλεόν
1007 1309 1228 1399 ἐκτεταμένην
1252 1317 1410 1381 διαλεκτι-

218 1411 320 1500 salv
356 1419 404 1494 είς
432 1419 653 1502 Παρμενίδην
693 1440 727 1482 τε
769 1415 823 1481 καί
865 1413 926 1482 τὸν
963 1416 1097 1504 ἑταῖρον
1129 1415 1237 1486 αὐτοῦ
1265 1419 1413 1506 Ζήνωνι..

257 1519 312 1588 διά
341 1518 521 1610 ὁμοιότητα
551 1515 614 1590 οὖν
642 1549 718 1590 τινα
745 1535 816 1600 τοῖς
847 1529 1022 1612 χρησίμοις
1063 1529 1132 1594 τῶν
1174 1533 1322 1614 λογικῶν
1360 1527 1409 1594 acl

256 1633 411 1717 φυσικῶν
453 1630 682 1718 θεωρημάτων
727 1631 782 1697 καὶ
828 1628 845 1716 η
888 1635 956 1699 τῶν
1004 1629 1182 1720 ἀχρήστων
1228 1637 1410 1722 προσετέθη·

258 1737 397 1826 ζήτησις.
438 1736 609 1806 άὸάνατον
641 1737 705 1824 γάρ
738 1739 805 1804 ἐστι
835 1739 918 1826 μηδὲ
952 1737 1038 1820 ὅλως
1070 1741 1267 1829 ἐφάψασθαι
1304 1741 1383 1812 κατὰ

192 1845 319 1934 λθλτην
349 1841 475 1934 ἠθικήν
502 1873 536 1915 τε
569 1847 624 1914 καὶ
658 1843 834 1932 πολιτικὴν
859 1855 1008 1934 θεωρίαν
1049 1849 1130 1937 μήτε
1172 1855 1233 1938 της
1272 1853 1409 1937 φνσικης

218 1953 337 2042 operire
379 1957 436 2041 της
476 1957 745 2042 συλλογιστικῶς.
783 1950 866 2022 άλλά
908 1957 962 2023 καί
1000 1960 1105 2025 ταῦτα
1138 1962 1207 2026 τῶν
1240 1955 1408 2046 ἄχρηστοι·

258 2058 417 2150 εὑρήσεις.
468 2060 681 2149 παραπλήσια
723 2062 760 2130 οὲ
801 2063 907 2131 πολλὰ
950 2068 1018 2132 τῶν
1061 2069 1198 2146 oraton
1240 2068 1307 2135 ε’στι
1344 2079 1407 2142 τοῖς

258 2163 422 2256 άληθίσιν
451 2175 488 2237 ε”ν
517 2197 549 2237 τε
578 2186 649 2250 ταῖς
677 2167 794 2258 άρχιιῑς
822 2176 889 2239 τῶν
917 2169 1122 2254 &nutrieras
1148 2177 1202 2240 καί
1233 2179 1311 2242 ,τάσι
1340 2187 1403 2249 τοῖς

294 2393 310 2440 4
334 2379 501 2454 άχρηστειάς
525 2385 680 2440 ΜΑΒ.-
706 2394 721 2441 ῡ
741 2383 886 2454 σωκράτης
905 2387 1002 2442 ll.-
969 2385 1177 2470 -φάσκοντα
1202 2390 1333 2446 Manen
1356 2383 1406 2474 ρά-

258 2458 473 2586 ηηηνὲοόῂθοιο.
495 2459 579 2513 K.—
603 2467 631 2513 ll
654 2459 708 2530 μίν
726 2479 791 2513 τινα
811 2459 891 2516 codd
911 2459 974 2516 edd.
994 2479 1090 2518 ονντ.
1110 2479 1223 2516 noa-
1250 2471 1282 2519 lo
1301 2456 1407 2530 eopiosa

257 2557 266 2584 ς
422 2561 453 2572 -

258 2717 479 2804 appellantur,
521 2713 658 2780 virtutes
696 2713 918 2800 actionesque,
961 2716 1047 2782 sicut
1088 2716 1188 2784 etiam
1231 2717 1272 2784 ad
1313 2717 1405 2785 animi

259 2826 393 2892 affectus
432 2815 600 2889 curandos.
654 2825 700 2886 Ac
737 2822 776 2885 de
814 2821 865 2887 his
903 2825 1027 2909 optime
1066 2825 1227 2910 seriptum
1263 2825 1405 2892 aKeno·

260 2933 384 3019 phonte
410 2936 472 3017 est,
505 2930 560 3015 qui
598 2951 664 2995 non
697 2929 802 2994 solum
836 2931 906 3014 ipse
940 2930 1074 2998 huiusce
1112 2933 1158 2996 rei
1200 2935 1403 3000 inutilitatem

259 3041 442 3124 damnavit,
470 3039 525 3102 sed
550 3035 718 3102 Socratem
747 3038 846 3102 ctiam
876 3037 923 3104 ita
953 3043 1093 3108 sensisse
1123 3043 1309 3108 affirmavit
1350 3039 1405 3106 t'ui

259 3149 482 3216 assentiuntur
511 3169 584 3210 cunr
609 3145 665 3210 alii
691 3145 787 3210 arniei
817 3143 978 3232 Socratis,
1007 3153 1078 3216 tum
1111 3149 1208 3216 Pluto
1243 3151 1325 3237 ipse,
1354 3145 1403 3233 qui

258 3261 396 3324 naturae
421 3253 731 3338 contemplationem
758 3253 986 3340 philosophiae
1011 3280 1085 3324 cunr
1110 3258 1324 3339 adiunxisset,
1348 3255 1400 3319 dis·

259 3367 464 3452 putatiouem
503 3364 542 3427 de
579 3362 636 3426 illa
676 3383 743 3426 uon
785 3359 927 3446 Socrati,
964 3365 1020 3429 sed
1052 3365 1188 3432 Timaeo
1231 3361 1403 3449 adscripsit.

258 3473 530 3560 quemadmodum
576 3469 676 3534 etiam
728 3470 948 3556 dialecticam,
990 3495 1072 3559 quae
1116 3473 1248 3560 longius
1286 3479 1403 3559 proteu·

259 3579 409 3664 debatur,
446 3579 486 3645 ad
515 3576 742 3643 Parmenidem
777 3579 908 3664 eiusque
938 3581 1064 3646 socium
1092 3581 1257 3648 Zenonem
1289 3579 1403 3646 detulit.

259 3685 399 3772 Propter
430 3685 680 3751 similitudinem
713 3687 816 3770 igitur
849 3687 1011 3772 quandam
1046 3711 1118 3754 curn
1152 3689 1289 3756 utilibus
1320 3709 1403 3775 quae

260 3795 423 3862 stiouibus
453 3795 670 3859 rationalibus
702 3799 735 3858 et
767 3795 972 3860 naturalibus
1007 3796 1161 3862 adiuncta
1190 3799 1290 3862 etiam
1317 3793 1402 3862 inuti·

261 3902 342 3968 lium
379 3901 595 3988 investigatio
633 3907 692 3968 est.
754 3901 838 3968 Fieri
877 3905 963 3969 enim
1001 3925 1065 3970 non
1103 3909 1228 3990 potest,
1256 3911 1292 3969 ut
1318 3905 1349 3970 in
1371 3925 1400 3964 eu

260 4009 466 4096 quaestione,
495 4033 578 4098 quae
606 4009 642 4075 in
673 4011 818 4076 moribus
851 4015 883 4076 et
907 4011 1075 4098 republica
1098 4017 1262 4096 versatur,
1284 4019 1402 4080 natura-

260 4118 324 4184 lem
362 4123 393 4182 et
433 4118 699 4183 ratiocinativam
738 4141 870 4204 prorsus
908 4141 972 4186 non
1011 4121 1170 4206 attingas,
1208 4121 1264 4186 sed
1300 4123 1333 4188 in
1358 4119 1401 4184 his

260 4247 387 4312 quoque
419 4225 578 4310 iuvenies,
611 4247 693 4312 quae
722 4227 852 4291 inutilia
881 4232 965 4294 sunt.
1016 4231 1170 4294 Ueterum
1194 4230 1299 4296 multa
1328 4227 1400 4294 falsu

260 4334 345 4400 veris
383 4333 505 4400 similia
548 4341 624 4400 sunt
647 4335 680 4400 iu
716 4335 820 4401 initiis
849 4335 1164 4403 demonstrationum
1193 4347 1226 4402 et
1255 4337 1401 4406 omnibu.
