3024 5022
621 351 777 418 -427
822 385 868 400 -

154 507 383 600 ὁμοιομερῶν,
404 507 451 594 cic
470 507 705 600 Ἀναξαγόρας,
729 520 794 580 εἴτε
818 511 854 580 ἐκ
876 512 1009 599 θερμοῦ
1030 509 1086 579 καὶ
1111 509 1244 598 ψυχροῦ
1265 505 1322 578 καὶ

155 621 264 707 ξηροῦ
287 619 340 688 καὶ
366 615 486 708 ὑγροῦ,
508 619 662 708 καθάπερ
686 619 705 688 ὃ
729 645 763 689 τε
788 617 984 707 Χρύσιππος
1007 615 1133 701 δοξάζει
1159 615 1215 686 καὶ
1238 614 1322 686 πάν-

153 751 211 808 τες
234 729 271 796 οί
291 729 438 798 Στωικοὶ
461 729 517 797 καί
546 728 611 816 πρὸ
640 724 753 796 αὐτῶν
773 723 1001 814 Ἀριστοτέλης
1027 726 1083 794 καὶ
1105 723 1341 816 Θεόφραστος·
1399 743 1403 750 ’

154 834 215 902 καὶ
243 833 308 921 πρὸ
337 834 470 904 τούτων
497 841 544 904 έτι
574 833 721 904 Πλάτων
747 835 803 904 καί
826 831 1059 922 Ἱπποκράτης,
1088 830 1110 923 ἡ
1135 837 1205 904 τιῦν
1232 853 1322 904 στοι·

155 946 262 1031 γείιον
283 939 366 1010 κατὰ
389 943 499 1012 πάντα
528 949 712 1032 συμμετρία
735 943 799 1032 τὴν
821 939 954 1030 ὑγίειαν
978 941 1157 1030 έργάζεται.
1202 943 1244 1036 εί
1253 947 1349 1012 τοί-6

156 1077 227 1120 νυν
254 1051 367 1120 ἐθέλοι
395 1077 447 1133 τις
473 1049 608 1120 ἅπασαν
636 1049 700 1139 τὴν
731 1049 920 1138 ἀναλογίαν
950 1054 1020 1120 τῶν
1046 1049 1129 1120 κατὰ
1156 1047 1195 1121 τὸ
1225 1053 1323 1140 σῶμα

154 1172 230 1240 τοῖς
261 1156 345 1228 κατίι
376 1159 441 1246 τὴν
473 1157 587 1248 ψυχὴν
619 1157 813 1244 διιισοίζειυ,
846 1157 892 1240 ὥς
922 1156 1082 1247 ὑπέσχετο
1114 1155 1323 1247 Χρύσιππος,

156 1267 321 1348 ἐπιδεῖξαι
345 1265 408 1355 χρὴ
432 1269 556 1336 τοῦτον
579 1271 615 1336 ἔκ
637 1294 744 1336 τινων
762 1265 879 1336 ἁπλῶν
898 1263 1020 1336 ιδσαυεδ
1045 1272 1222 1354 στοιχείων
1242 1286 1323 1355 συγ-

156 1375 320 1462 κειμένην
345 1373 410 1461 τὴν
437 1373 522 1462 δλην
549 1373 678 1463 ψυχήν,
708 1377 765 1444 ἵνα
794 1376 832 1444 έν
858 1379 898 1466 τῇ
925 1373 1057 1444 τοίπων
1084 1371 1168 1462 πρὸς
1194 1371 1322 1463 ἄλληλα

156 1487 346 1572 συμμετρίᾳ
369 1479 433 1570 τὴν
450 1479 584 1569 ὑγίειαν
605 1484 660 1551 καί
683 1481 747 1570 τὴν
771 1481 876 1552 νόσον
898 1479 1001 1569 αὐτῆς
1023 1479 1103 1571 εῦρῃ
1127 1483 1322 1571 γινομένην,
1336 1497 1363 1540 1⁰

156 1589 244 1678 ὅπερ
267 1585 285 1658 δ
305 1589 453 1658 Πλάτων
472 1592 615 1679 ἐποίησε.
652 1591 848 1722 Χρύσιππος
867 1589 904 1660 ot
923 1589 1000 1661 οὔτε
1017 1589 1144 1678 ταύτην
1162 1587 1321 1680 ἠδυνήθη
1344 1581 1349 1600 '

154 1697 224 1785 τὴν
238 1693 420 1786 ὁμοιότητα
434 1701 539 1782 δεῖξαι
558 1696 699 1769 καίτοι
682 1699 912 1829 ιγποσχάμενος
926 1697 1003 1768 cirre
1017 1725 1080 1786 την
1098 1695 1161 1769 του
1144 1696 1324 1779 κάλλους

156 1910 244 1982 ιιιιτδι
264 1909 330 2000 γὰρ
347 1911 428 1992 τοὺς
447 1916 592 1994 οἰκείους
610 1917 672 1984 τοῦ
690 1915 796 2002 λόγου
814 1912 998 2004 prorupturis
1014 1911 1092 1983 καί
1080 1941 1122 2001 ην
1139 1941 1160 2002 η
1143 1909 1323 2002 ἀίσγρδν

156 2025 265 2108 ἔφησε
293 2025 450 2106 γίνεσθαι
480 2019 604 2110 turpio·
638 2019 843 2110 ὑγιαίνουσα
873 2017 963 2092 δέ
944 2051 964 2110 η
997 2026 1145 2092 νοσοῦσα
1177 2025 1248 2102 πᾶς
1277 2049 1323 2092 αν
1337 2035 1362 2078 ¹⁵

157 2129 305 2216 γένοιτο,
327 2128 509 2215 παρέλιπεν
531 2133 579 2210 είς
600 2126 742 2216 τοῦτόν,
767 2127 871 2218 οἶμαι,
894 2132 1046 2218 συγχέων
1067 2127 1169 2218 ἄμφω
1197 2129 1252 2198 καί
1274 2127 1321 2220 μὴ

158 2235 354 2326 δυνάμενος
378 2235 384 2328 Ι
408 2233 555 2326 άκριβιῦς
575 2263 611 2306 ιε
634 2239 689 2308 καὶ
713 2235 908 2328 ὡρισμένως
938 2235 1023 2328 ὑπὲρ
1051 2233 1164 2308 αι’πιῦν
1190 2231 1387 2326 &aspri-451

197 2441 214 2490 o
233 2429 442 2520 protavit·
407 2435 499 2490 —in
522 2431 656 2492 rerbir'
641 2455 686 2506 ογ.
716 2429 867 2504 ίργιίζειαι
889 2434 977 2492 dorin.
1006 2437 1129 2506 excerpt
1151 2433 1218 2490 XIV
1240 2433 1320 2490 οοδδ

156 2507 272 2564 FR-
292 2514 347 2562 tn
328 2501 427 2562 οιῦτῦκ
445 2505 525 2563 codd.
546 2505 608 2562 odd
628 2507 685 2562 τῶν
703 2525 767 2574 noa,
786 2509 820 2562 ci.
836 2507 922 2562 Pron
941 2525 968 2578 p
987 2513 1084 2590 93.-
1105 2513 1120 2561 λ
1141 2509 1201 2562 ίδια
1220 2501 1322 2592 quim

158 2573 483 2660 μτοδιασιίζεινΙμ
507 2577 593 2635 Bruti
613 2599 666 2650 την
684 2597 735 2650 pro
755 2579 957 2634 τοῦτονΙιμ-
978 2573 1076 2634 πλωκ
1091 2577 1207 2634 LMAB
1224 2571 1321 2640 cultior

158 2649 297 2708 (Μ.-
321 2645 413 2706 boor
432 2667 483 2720 pro
501 2651 659 2706 rvuL
687 2659 720 2707 lo
738 2647 944 2720 υγειανΙι
970 2657 1003 2707 12
1022 2645 1138 2737 διδαζαι
1155 2647 1321 2706 MABchlt

157 2721 364 2790 otkario.-
394 2728 426 2778 1³
450 2723 575 2792 τῇσιδε
592 2715 689 2800 ὑγιείᾳ
709 2741 764 2780 om.
782 2723 872 2778 Ia-
899 2731 931 2780 16
950 2725 975 2780 Δ
993 2721 1086 2838 ¹verbis
1103 2717 1141 2794 μὴ
1161 2715 1322 2794 συκάμινος

159 2795 216 2852 inc.
235 2799 359 2866 excerpt.
379 2793 431 2850 XV
450 2793 529 2852 codd.
549 2793 609 2853 FP.
628 2825 662 2838 -

159 2997 246 3080 sire,
277 2997 315 3061 ut
343 2991 549 3082 Chrysippus
578 2997 733 3082 opinatur
762 2995 928 3082 Stoicique
956 3017 1070 3064 omnes
1099 2999 1134 3064 et
1161 2999 1237 3064 ante
1264 3017 1321 3064 eos

157 3103 359 3174 Arirboteles
383 3107 418 3169 et
439 3101 687 3189 Theophrastus
716 3108 750 3170 et
772 3105 863 3190 prius
892 3105 994 3170 etiam
1017 3103 1114 3172 Plato
1137 3107 1172 3171 et
1193 3103 1321 3192 Hippo·

158 3219 279 3296 crates,
301 3233 341 3278 ex
364 3211 471 3278 calido
491 3217 525 3278 et
546 3211 678 3296 frigido,
701 3211 789 3279 sicco
809 3215 843 3278 et
859 3211 1005 3296 humido,
1028 3212 1263 3281 elementorum
1286 3214 1322 3280 in
1395 3247 1400 3254 ·

159 3320 316 3388 omnibus
339 3319 559 3406 aequabilitas
587 3319 764 3386 sanitatem
789 3320 899 3386 efficit
945 3319 1068 3398 Quodsi
1093 3321 1166 3408 quis
1194 3321 1322 3406 borum,

159 3449 245 3516 quae
271 3427 462 3512 incorpore
485 3431 571 3512 sunt,
595 3450 668 3494 cum
692 3427 744 3512 iis,
767 3451 851 3514 quac
874 3429 908 3494 in
927 3426 1048 3510 auimo,
1071 3427 1321 3496 similitudinem

159 3557 304 3618 omnem,
328 3533 414 3600 sicut
436 3534 605 3620 pollicitus
630 3541 680 3601 est
704 3533 918 3622 Chrysippus,
941 3557 1071 3600 serrare
1095 3531 1178 3618 r'ult,
1202 3535 1231 3604 iu
1254 3535 1323 3622 pla·

158 3667 238 3712 num
262 3641 371 3708 iacere
395 3641 492 3708 debet
515 3665 553 3708 ex
577 3643 772 3728 quibusdam
798 3641 1004 3728 simplicibus
1031 3643 1125 3728 quasi
1150 3643 1322 3712 elementia

159 3755 313 3821 constare
336 3751 445 3816 totum
465 3751 621 3834 animum,
644 3755 680 3815 ut
703 3749 820 3817 borum
841 3749 926 3815 inter
944 3773 979 3815 se
998 3752 1212 3836 proportione
1235 3751 1323 3820 sani·
1411 3775 1416 3782 ·

160 3865 265 3928 tatem
290 3861 324 3924 et
346 3857 497 3923 morbum
522 3857 592 3922 eius
616 3857 775 3924 contineri
800 3859 956 3928 inveniat
978 3857 1012 3923 id
1035 3857 1121 3943 quod
1145 3856 1322 3925 aPlatone

159 3969 285 4036 raecum
309 3969 369 4032 est.
415 3961 623 4052 Chrysippus
647 3973 756 4032 autern
784 3987 889 4051 neque
917 3965 1001 4032 banc
1026 3965 1179 4032 sanitatis
1206 3964 1322 4032 simili·

158 4075 320 4158 tudinem,
343 4095 540 4159 quamquum
561 4073 770 4158 promiserat,
792 4095 897 4158 neque
916 4071 1168 4159 pulchritudinis
1192 4073 1323 4140 demon·

161 4189 268 4250 strare
286 4179 407 4267 potuit,
426 4181 480 4246 scri
500 4179 777 4266 pulchritudinem
793 4203 865 4247 cum
886 4182 1029 4248 sanitate
1043 4179 1198 4246 confudit
1234 4178 1322 4246 Nam

160 4289 338 4358 secundnm
360 4289 512 4374 proprias
531 4289 670 4354 rationis
688 4289 864 4356 divisiones
881 4287 1054 4374 pulchrum
1072 4285 1123 4352 rel
1142 4287 1321 4354 deformem

160 4399 308 4502 animum
332 4395 403 4462 lieri
427 4395 523 4482 dixit3
551 4400 585 4462 at
613 4419 676 4482 quo
701 4395 799 4463 modo
823 4396 874 4462 rel
902 4419 1001 4462 sanus
1023 4395 1075 4462 rel
1099 4415 1198 4482 aeger
1219 4397 1323 4482 lieret,
