3024 5022
597 309 845 374 -415-

134 469 203 537 ‘acl
228 465 391 536 ἀσθενεῖν
413 468 468 536 καὶ
492 464 653 548 εὐτόνους
676 467 728 536 καί
755 463 899 548 ἀτόνους
922 463 1010 536 εἶναι
1033 467 1088 536 καί
1114 471 1161 536 ἔτι
1186 448 1302 538 νοσεῖν

134 577 203 646 ’καί
231 573 415 664 ὑγιαίνειν,
443 573 531 647 οὕτω
560 603 630 658 πως
652 575 707 644 καὶ
731 579 793 646 τοῦ
814 574 950 656 πάθους
970 575 1025 644 καί
1049 577 1112 646 τοῦ
1134 573 1218 646 ιιατά
1241 571 1301 646 αὖ·

134 689 213 772 ’την
233 679 494 774 ἀρρωστήματος
512 685 698 773 λεγομίνου
720 683 773 752 καί
799 685 868 751 τῶν
885 683 1019 764 τούτοις
1036 685 1301 772 παραπλησίων.’

133 795 290 879 ε’ναργῶς
312 791 377 881 γάρ
401 795 439 862 ἐν
460 794 595 875 τούτοις
618 791 636 861 ὁ
662 791 857 879 Χρύσιππος
879 787 1068 878 ἀναλογίαν
1092 795 1098 884 Ι
1122 789 1198 862 τιυά
1221 791 1301 882 βοά-
1311 815 1370 874 m

131 911 230 970 λεται
254 900 418 984 σώζεσθαι
444 905 513 972 τῶν
537 905 576 972 ἐν
603 903 643 990 τῇ
668 903 756 989 ψυχῇ
784 913 854 978 τοῖς
876 897 959 968 κατά
982 900 1020 967 τὸ
1044 902 1140 990 σῶμα
1163 901 1217 970 καί
1241 927 1337 970 sta-s

132 1013 217 1078 θῶν
244 1035 329 1097 προς
355 1011 449 1098 πάθιγ
477 1011 531 1080 καί
561 1007 834 1096 ἀρρωστημάτων
866 1033 950 1095 προς
976 1003 1219 1098 ἀρρωστήματα
1246 999 1320 1078 καλ

131 1116 342 1206 νοσημάτων
364 1117 449 1206 πρὸς
467 1117 642 1207 νοσήματα
665 1117 718 1185 καὶ
741 1115 869 1203 ὑγιείας
890 1113 976 1203 πρὸς
998 1112 1131 1203 ὑγίειαν
1153 1115 1209 1186 καὶ
1232 1113 1302 1186 erle-

133 1231 212 1309 ξίας
234 1226 318 1314 πρὸς
340 1221 473 1308 εὐεξίαν
495 1227 550 1294 καὶ
575 1225 692 1313 ίσχάος
710 1224 794 1312 πρὸς
817 1222 917 1313 ἰσχὺν
939 1223 994 1292 acl
1019 1221 1198 1305 ἀσθενείας
1219 1223 1304 1314 πρὸς

134 1333 324 1402 ἀσθίνειαν
347 1335 403 1402 καί
430 1330 543 1414 ἀπλτθς
566 1339 673 1402 εἰπεῖν
700 1331 860 1402 ἀπάντων
887 1335 956 1402 τῶν
978 1329 1188 1420 συνωνύμως
1209 1339 1303 1420 λεγο·

134 1443 254 1530 με’νων
276 1441 361 1530 πρὸς
384 1439 529 1512 ἅπαντα·
557 1442 612 1510 καὶ
637 1439 701 1530 γάρ
724 1439 875 1530 τοῦνομα
898 1441 952 1509 acl
976 1439 1038 1509 τὸν
1060 1438 1165 1527 λόγον
1187 1435 1302 1514 αὐτῶν
1317 1471 1343 1512 ιο

135 1547 296 1636 βούλεται
322 1547 407 1618 εἶναι
435 1547 497 1618 τὸν
520 1545 642 1626 αὐτόν,
671 1555 704 1617 εί
727 1573 763 1634 γε
793 1547 835 1636 ὀὴ
860 1546 1045 1637 συνωνυμά
1068 1567 1176 1637 φησιν
1198 1543 1303 1638 barto

134 1683 213 1744 χειν
236 1653 331 1726 αάτά.
375 1655 475 1739 ὥστε,
499 1655 589 1738 ὅπως
612 1653 656 1724 ἀν
682 1683 733 1736 τις
760 1654 907 1743 ὁρίζηται
931 1654 1084 1725 καθόλου
1109 1655 1173 1746 τὴν
1196 1657 1235 1726 ίν
1255 1661 1302 1752 τῷ

135 1765 266 1852 σώματι
293 1763 410 1852 νόσον,
432 1761 620 1852 ἀναγκαῖον
643 1761 729 1832 εἶναι
753 1763 861 1857 τούτῳ
885 1763 940 1832 καὶ
963 1761 1027 1852 τὴν
1049 1765 1195 1856 ἐνψυχῇ
1219 1762 1301 1834 ιιατά

134 1873 202 1942 τὸν
235 1870 341 1942 αὐτὸν
377 1871 506 1962 τρόπον
543 1871 725 1961 ὁρίζεσθαι.
782 1870 831 1941 ὅτι
865 1871 928 1960 μὲν
960 1863 1025 1941 οὖν
1053 1871 1224 1960 πρόκειται
1256 1875 1302 1968 τῷ
1380 1929 1394 1952 ,

135 1989 325 2073 Χρυσίππῳ
353 1978 540 2070 ἀναλογίαν
572 1978 707 2049 ἅπασαν
740 1983 935 2068 ἐξηγεῖσθαί
959 2007 993 2049 τε
1025 1981 1080 2050 παῖ
1109 1979 1303 2068 φνλάττειν,
1318 2013 1346 2060 τε,

135 2093 177 2158 e'x
203 2091 334 2158 τούτων
357 2093 472 2178 ὁῆλον.
508 2095 540 2158 εί
561 2089 597 2157 ἀὲ
618 2089 828 2177 ἐπιχειρήσας
846 2085 929 2158 αὐτὸ
947 2103 1059 2158 ποιεῖν
1080 2083 1123 2156 οὐ
1144 2086 1302 2178 τυγχάνει

133 2201 203 2267 τοῦ
224 2199 460 2286 προτεθέντος,
484 2195 546 2268 οὐκ
568 2193 776 2266 ἀποστατέον
799 2197 867 2266 ἐστί
896 2201 955 2286 τῆς
977 2193 1190 2287 ὁμοιότητος,
1217 2192 1302 2267 ἀλλὰ

178 2441 195 2488 ὑ
214 2425 357 2500 αὔξεσθαι
376 2449 428 2504 pro
447 2427 589 2500 οιίξεοθαι
607 2431 644 2489 Μ.
665 2463 700 2476 —-
725 2439 755 2488 11
777 2437 844 2490 aute
864 2427 939 2488 εἶναι
962 2399 1130 2490 tueamini·
1153 2427 1302 2506 βοάλεταις

135 2507 176 2564 es.
199 2507 283 2564 Proll.
302 2523 331 2578 p.
352 2511 412 2562 108.
431 2535 466 2548 -
486 2511 520 2562 16
538 2499 611 2560 αάτό
630 2501 663 2562 τὸ
682 2511 777 2562 ποιεῖν
794 2505 825 2562 ll
843 2499 935 2560 αάτόν
953 2511 1048 2562 ποιεῖν
1066 2503 1175 2562 acen
1194 2535 1229 2548 ·—

134 2744 264 2812 aliter
301 2741 465 2810 affectio
498 2745 536 2808 et
570 2741 799 2829 aegrotatio
837 2743 994 2830 aliaque
1026 2743 1065 2810 id
1097 2763 1223 2832 genus
1262 2743 1303 2812 in

135 2853 276 2920 animo
300 2851 379 2918 dici
403 2849 555 2917 solent?
602 2853 725 2936 Aperte
750 2849 804 2916 bic
829 2847 1035 2938 Chrysippus
1064 2874 1191 2938 eornm,
1218 2873 1301 2939 quae

134 2965 174 3028 in
200 2959 312 3026 animo
336 2963 427 3039 sunt,
455 2981 529 3024 τινα
552 2959 609 3044 iis,
637 2981 720 3045 (puae
743 2959 778 3025 in
802 2980 952 3044 corpore,
979 2959 1143 3045 quandam
1166 2982 1302 3048 propor-

136 3071 265 3135 tionem
291 3067 415 3134 aervari
443 3065 514 3133 vult
543 3067 753 3134 ntl'ectionum
777 3087 851 3133 cum
880 3067 1123 3152 ntt'ectionibus,
1153 3073 1303 3158 aegrota·

135 3179 270 3242 tionum
294 3197 369 3241 cum
393 3173 686 3262 aegrotationibus,
708 3175 898 3240 morborum
922 3197 996 3242 cum
1019 3175 1158 3264 morbis,
1182 3175 1303 3243 sanilo

137 3287 186 3350 tis
205 3306 279 3350 cum
303 3283 455 3368 sanitate,
477 3281 555 3350 boni
574 3281 708 3348 habitus
728 3305 801 3348 cum
821 3283 907 3349 bono
931 3281 1058 3368 babitu,
1079 3283 1208 3350 roboris
1227 3305 1303 3352 cum

137 3395 271 3476 robore,
294 3391 535 3458 imbecillitatis
555 3413 628 3456 cum
652 3389 889 3476 imbecillitate,
911 3395 949 3456 ut
972 3391 1073 3457 semel
1095 3391 1213 3478 dicam,
1235 3415 1303 3460 om·

137 3500 234 3568 mium
253 3499 561 3586 cognominatomm
580 3521 654 3564 cum
674 3499 839 3584 omnibus3
863 3521 940 3566 nam
960 3504 994 3564 et
1011 3521 1131 3568 nomen
1149 3505 1184 3566 et
1200 3503 1302 3568 ratio·

137 3631 217 3676 nem
249 3629 362 3674 eornm
390 3607 525 3674 eandem
559 3629 629 3672 esse
662 3605 746 3692 vult,
778 3607 806 3672 si
840 3607 973 3693 quidem
1001 3607 1233 3696 cognominata
1262 3630 1302 3675 ea

138 3739 213 3782 esse
236 3715 325 3782 dicit
363 3715 532 3800 Quocirca,
555 3737 746 3803 quoeunque
766 3713 863 3782 modo
887 3715 960 3802 quis
979 3715 1130 3782 universe
1150 3716 1302 3784 morbum

138 3825 291 3910 eorporis
308 3809 438 3910 'delinit
461 3823 574 3891 eodem
594 3825 696 3889 etium
720 3823 822 3889 animi
842 3823 993 3890 morbum
1017 3824 1152 3891 definiat
1168 3847 1301 3892 necesse

137 3944 200 4000 est.
242 3931 337 4000 Velle
358 3933 462 4021 igitur
480 3929 701 4018 Chrysippum
725 3933 972 4018 proportionem
991 3933 1177 4000 universam
1200 3931 1301 4018 expli·

137 4063 216 4108 care
240 4045 274 4106 et
297 4063 428 4108 serrare
452 4063 491 4106 ex
519 4039 572 4106 bis
599 4043 700 4126 patet
747 4039 870 4117 Quodsi
899 4063 1075 4128 aggressus
1102 4040 1165 4108 hoc
1191 4041 1300 4108 iacere

135 4173 206 4218 non
231 4151 427 4236 assequitur,
449 4148 535 4235 quod
555 4147 619 4214 sibi
639 4149 821 4234 proposuit,
843 4171 910 4215 uon
927 4148 1050 4216 idcireo
1073 4153 1162 4214 esta
1186 4147 1301 4216 simili·

136 4257 255 4324 ronne
289 4257 517 4344 recedendum,
553 4255 609 4321 seul
645 4257 727 4322 sitio
758 4257 947 4322 vertendum
985 4257 1153 4324 doctrinae
1185 4261 1301 4344 upon

135 4367 253 4436 ssime.
298 4363 372 4432 Hoc
394 4388 460 4433 non
488 4365 597 4432 minus
622 4365 710 4432 cudit
732 4365 768 4432 in
791 4371 979 4452 sequentem
1007 4365 1078 4432 eius
1100 4371 1205 4433 toturn
1231 4387 1301 4433 ora-
