2976 5028
665 279 912 362 ..334-

206 439 263 508 καδ
285 438 328 508 τά
350 442 419 508 τῶν
447 435 628 526 δυνάμεων
653 443 734 526 ἔργα
762 464 796 506 τε
824 439 879 507 καὶ
902 437 998 524 πάθη
1026 434 1083 504 διὰ
1110 437 1182 505 τῶν
1209 433 1299 504 έπεῖν
1322 423 1374 502 riv

207 551 355 635 ἔγραψεν
378 544 552 634 αὐτάρκως
575 547 761 630 ἐνεδείξατο
787 543 843 614 διὰ
866 545 930 635 μὲν
950 549 1013 615 τοῦ
1035 544 1143 640 φάναι

252 650 309 724 ὀδ
329 653 396 744 γὰρ
418 653 553 724 πώποτέ
573 651 608 743 μ’
634 646 700 722 ὦδε
723 657 807 733 θεᾶς
830 659 907 742 ἔρος
928 649 1009 723 οὐδὲ
1034 649 1196 740 γυναικὸς

252 760 381 849 ’θυμὸν
404 759 456 830 ἐνὶ
479 759 641 849 στήθεσσι
664 761 925 849 περιπροχυθεὶς
948 759 1161 850 ε’δάμυσσεν’,

173 864 254 949 ιιδς
276 864 294 938 δ
319 872 403 956 ἔρως
424 868 536 950 πάθος
558 877 610 958 εἴη
633 873 692 956 τῆς
715 869 958 958 ἐπιθυμητικῆς
981 866 1170 958 δυνάμεως·
1198 867 1237 935 ἐν
1260 865 1298 935 δέ
1322 869 1368 959 τῷ

207 977 319 1064 λέγειν

254 1081 353 1173 ’Ἥρῃ
378 1079 411 1152 δ’
438 1080 508 1156 οὐκ,
523 1088 621 1172 ε’χιιδε
645 1088 772 1172 στῆθος
794 1083 913 1172 χόλον,
936 1079 1021 1152 ἀλλά
1044 1081 1245 1171 προσηύδα’,

208 1189 255 1272 dc
277 1188 296 1261 δ
320 1189 420 1280 χόλος
442 1195 502 1280 τῆς
519 1195 736 1280 θυμοειδοῦς.
773 1193 958 1278 διαφερέτω
982 1189 1020 1260 dl
1040 1197 1078 1260 ἐν
1101 1193 1202 1282 γετῷ
1225 1187 1370 1275 παρόντι

208 1299 326 1388 μηδέν,
348 1309 412 1368 εἴτε
436 1305 522 1392 ἔργαΙ
540 1303 610 1368 τῶν
628 1299 808 1387 δυνάμεων
831 1309 895 1367 εἴτε
918 1297 1013 1386 τάθη
1036 1295 1236 1368 τὰτοιαῦτα
1258 1295 1370 1366 πάντα

169 1407 380 1495 ιολέμοιμευ,
412 1404 556 1492 ὕστερον
588 1405 652 1494 γὰρ
680 1403 764 1494 ὑπὲρ
793 1403 907 1476 αὐτῶν
934 1402 1082 1494 ἀκριβῶς
1109 1402 1371 1494 ἐπισκεψόμεθα.

209 1512 294 1584 κατά
315 1513 379 1604 μὲν
402 1505 466 1584 οὖν
488 1513 526 1584 τὸ
550 1513 717 1600 πρότερον
739 1515 815 1602 περὶ
830 1517 951 1602 ,ψυχῆς
973 1517 1108 1600 βιβλίον
1130 1509 1149 1581 δ
1174 1511 1371 1600 Χρύσιππος

210 1619 273 1712 οὐχ
305 1620 396 1704 ὅπως
424 1618 589 1708 ἀντιλέγει
618 1625 788 1709 μηδεμίαν
820 1618 906 1690 εἶναι
938 1623 998 1708 τῆς
1026 1623 1135 1708 ψυχῆς
1168 1619 1317 1708 δύναμιν
1349 1615 1369 1706 ἢ

210 1727 457 1818 έπιθυμητικὴν
488 1724 510 1816 ἢ
542 1733 726 1816 θυμοειδῆ,
763 1724 846 1797 ἀλλά
879 1728 933 1797 καὶ
968 1725 1009 1796 τά
1041 1727 1224 1816 παθήματα
1255 1724 1370 1796 αὐτῶν

211 1837 401 1907 ἐκδιδάσκει
423 1837 478 1905 καὶ
502 1835 609 1906 τόπον
627 1832 786 1924 ἀπονέμει
808 1840 871 1905 τοῦ
889 1835 1043 1924 σώματος
1065 1837 1137 1904 ἕνα·
1160 1833 1244 1904 κατὰ
1268 1834 1306 1902 δὲ
1328 1831 1369 1902 τὰ

170 1966 196 2010 rs
210 1943 286 2031 περὶ
316 1946 440 2013 παθῶν
472 1942 619 2027 ἅπαντα,
651 1943 692 2012 τά
723 1969 758 2012 τε
786 1950 878 2028 τρία,
908 1941 965 2011 διὰ
993 1933 1043 2012 ὦν
1076 1944 1301 2012 ἐπισκέπτεται
1329 1941 1370 2010 tir

209 2049 328 2140 λογικὰ
351 2051 426 2139 περὶ
450 2050 564 2127 αὐτῶν
593 2051 775 2139 ζητήματα,
803 2051 858 2120 καὶ
886 2052 1023 2139 προσέτι
1050 2048 1088 2120 τὸ
1112 2049 1371 2139 θεραπευτικόν,

247 2293 261 2344 1
287 2285 337 2343 καὶ
362 2281 445 2354 sdes,
468 2285 497 2341 M
521 2284 569 2340 sel
592 2281 627 2339 rei
652 2305 680 2342 ιτ,
696 2283 901 2372 ‚lBChK-
932 2279 1051 2340 ἐπῶν
1033 2305 1070 2370 ρος
1093 2285 1174 2341 codd.
1193 2285 1257 2340 edd.
1281 2275 1351 2340 d.'
1328 2303 1370 2339 or

209 2375 276 2426 nor·
295 2347 330 2415 ir.
350 2358 474 2428 Prollp
476 2365 598 2412 ..-86
624 2354 703 2412 3ποὶ
706 2351 772 2411 ποτ’
794 2355 828 2426 έμ
848 2355 978 2411 ABCHK
997 2353 1149 2424 κάκοτέμ
1154 2352 1275 2412 'M.-
1300 2355 1371 2426 ipses

209 2430 303 2488 M.-
326 2437 410 2486 4ου
404 2375 596 2512 'drosM-
621 2424 746 2498 ἐδάμασε
767 2427 859 2482 M.-
885 2435 915 2482 11
940 2420 994 2482 orie
1017 2433 1125 2500 postp
1126 2427 1229 2484 lenos
1251 2428 1370 2484 inserm-

209 2520 335 2560 mun·
300 2509 390 2558 -lo
404 2460 520 2568 διερὶ
483 2520 540 2556 τον
553 2501 660 2556 παθῶν
674 2487 755 2556 codd.
770 2500 833 2556 edd.
848 2500 915 2570 arpi
928 2503 1001 2557 ποθ.
1016 2518 1126 2557 nor.-
1090 2497 1370 2557 -ἐκιτιέπτεεθαι

210 2590 282 2632 corr.
301 2573 363 2630 ced.
382 2589 457 2628 man
476 2573 506 2628 in
525 2568 726 2628 ἐκιοκέκτεται
744 2572 782 2626 M.
802 2601 837 2613 -

211 2811 344 2876 effectus
368 2813 402 2876 et
424 2809 560 2874 affectus
590 2807 754 2892 versibus,
780 2829 863 2894 quos
891 2807 1080 2894 adscripsit,
1108 2807 1189 2876 satis
1213 2810 1371 2896 ostendit3

211 2939 286 2984 cum
309 2917 397 2986 enim
422 2917 532 2983 affert:

256 3023 413 3112 ‘namquo
437 3024 520 3091 alias
544 3026 689 3091 animum
713 3047 879 3110 nunquam
902 3023 963 3090 sub
987 3029 1120 3110 pectore
1142 3031 1295 3092 nostrum

256 3155 315 3199 seu
337 3133 398 3199 dea
422 3154 478 3197 seu
502 3133 621 3199 mulier
644 3137 737 3198 tanto
762 3131 907 3198 devinxit
931 3131 1064 3216 amore’,

212 3261 358 3308 amorem
382 3241 568 3326 appetentis
591 3239 776 3324 facultatis;
801 3261 875 3306 cunr
898 3261 976 3306 vero
999 3239 1115 3307 laudat
1136 3239 1231 3307 illud:

147 3380 150 3384 ·
180 3396 185 3404 ·
256 3347 340 3416 ‘non
362 3347 473 3434 potuit
495 3347 648 3413 cohibere
671 3347 755 3412 iram
779 3345 840 3411 sub
864 3351 996 3432 pectore
1019 3347 1117 3432 June,

256 3455 314 3522 sed
337 3455 504 3542 loquitur'‚

211 3563 414 3632 iracundiam
448 3563 623 3629 irascibilis
657 3563 809 3628 affectum
845 3585 916 3628 esse
948 3561 1077 3648 probat.
1130 3561 1226 3628 Nihil
1259 3569 1371 3632 sutem

211 3671 343 3739 intersit
379 3671 413 3738 in
446 3671 646 3757 praesentia,
684 3671 859 3736 etl'ectusne
897 3692 940 3735 eu
976 3673 1112 3734 allectus
1145 3669 1374 3740 huiuscemodi

212 3779 324 3846 omnis
347 3778 507 3865 appelles3
536 3782 653 3864 postea
680 3777 764 3842 hano
788 3800 856 3844 rem
885 3777 1060 3862 diligenter
1083 3777 1373 3846 considerabimus

211 3885 250 3954 In
273 3888 382 3972 priore
410 3887 513 3972 igitur
541 3887 579 3951 de
604 3885 714 3950 auimo
738 3883 824 3952 libro
848 3883 1056 3970 Chrysippus
1085 3907 1151 3950 uon
1180 3885 1278 3952 modo
1307 3909 1373 3954 non

211 3995 373 4061 infitiatur
401 3993 503 4059 ullam
527 4016 598 4058 esse
626 3993 755 4058 arsimus
783 3991 974 4058 facultatem
1004 3991 1055 4058 rel
1088 3995 1299 4078 appetentem
1322 3995 1373 4062 vel

212 4101 422 4186 irascibilem,
445 4099 501 4165 sed
520 4101 656 4166 affectus
675 4101 776 4165 etiam
796 4123 907 4166 earum
927 4101 1041 4166 edocet
1059 4105 1092 4164 et
1116 4099 1224 4166 locum
1248 4101 1283 4168 in
1302 4125 1372 4172 cor-

213 4231 291 4296 pore
309 4233 410 4276 unum
434 4209 475 4274 iis
500 4209 629 4294 tribuit;
654 4209 688 4274 in
708 4207 859 4274 omnibus
880 4231 956 4274 vero
981 4207 1085 4278 libris.
1109 4207 1164 4272 nbi
1189 4207 1229 4274 de
1249 4210 1372 4276 effecti·

214 4317 275 4382 bus
298 4316 455 4404 disperiet,
479 4323 548 4382 tum
573 4317 693 4400 tribus,
721 4317 840 4404 quibus
865 4315 1043 4382 rationales
1067 4315 1130 4382 hac
1153 4315 1193 4380 ele
1217 4337 1252 4380 re
1275 4339 1371 4404 quoe·
