2978 5030
568 319 815 386 -657-

1 485 2 500 ³
108 475 188 556 τοὺς
224 474 288 544 δύο
326 475 466 562 λόγους,
508 473 550 546 ού
588 484 740 558 πλείονες
774 480 844 546 τῶν
879 471 965 554 ὀκτὼ
1004 477 1192 566 ἑξαμέτρων
1226 475 1265 547 τὸ

108 590 330 672 συγκείμενον
354 585 387 666 ἐξ
411 581 524 652 αὐτῶν
546 588 676 672 πλῆθος
699 589 801 654 ἔσται.
845 591 935 666 τίνες
957 577 1022 654 ούν
1046 585 1052 674 1
1077 593 1178 654 αι”τιοι
1205 589 1335 659 roboas

107 693 206 759 πέντε
236 696 350 778 βιβλία
382 696 552 780 γραφῆναι
586 693 661 778 περὶ
697 691 843 762 τούτων.
875 689 897 761 ἃ
930 691 987 761 διὰ
1024 691 1110 762 darei
1143 698 1267 782 στίχων

107 795 266 886 ἡρωϊκῶν
285 797 547 888 έπιστημονικην
566 797 738 882 ἀπόδειξιν
757 797 858 888 εἶρος
883 795 944 886 ούχ
967 795 1061 886 ἡμεῖς
1080 800 1266 890 δήπουθεν,

106 901 193 973 ἄλλα
217 908 253 974 ol
272 903 318 994 μὴ
342 907 544 996 βουλόμενοι
568 922 768 996 γραμμικαίς
790 909 935 995 χρῆσθαι
960 902 1147 990 ἀποδείξεσι
1170 895 1294 996 pald-⁵
1359 971 1366 978 .

107 1031 230 1100 σοφοι,
252 1014 327 1100 περὶ
350 1005 400 1084 cdv
424 1019 512 1102 έφην
536 1019 717 1084 αίδεῑσθαι.
762 1021 851 1094 τίνες
873 1011 911 1082 δὲ
935 1023 1036 1084 αίτιοι
1059 1017 1122 1084 τού
1148 1015 1204 1084 καλ
1226 1013 1265 1085 τδ

106 1121 205 1190 ἕκτον
232 1125 367 1208 βιβλίον
400 1121 452 1190 έπλ
483 1117 598 1202 αὐτοῖς
629 1126 802 1210 γραφῆναι
829 1121 904 1210 περὶ
931 1124 990 1209 τῆς
1021 1127 1134 1210 τρίτης
1163 1117 1267 1212 ύρχῆς

107 1229 318 1316 μακροτέρου
340 1228 404 1318 μὲν
427 1228 532 1318 λόγου
555 1231 727 1317 δεομένης,
751 1226 793 1298 ού
815 1229 883 1316 μὴν
906 1225 993 1298 doa’
1020 1226 1102 1298 ὅλον
1124 1232 1163 1300 ἓν
1184 1237 1266 1319 πλη-

107 1339 264 1424 ρωθῆναι
292 1342 441 1424 βιβλίον;
475 1343 511 1408 oi
539 1335 584 1428 μὴ
612 1337 880 1425 γεγυμνιισμένοι
908 1323 1107 1425 γραμμικῶν
1133 1333 1266 1407 ἀποδεί-

107 1445 193 1525 ξεων
216 1441 365 1532 ἀκούειν,
388 1446 463 1514 έπεί
479 1471 532 1515 τοι
556 1445 612 1514 καλ
635 1443 759 1515 τούτου
780 1447 843 1514 τοῦ
865 1445 1051 1532 σκέμματος
1074 1445 1112 1514 έν
1139 1439 1267 1531 δλίγοις
1280 1465 1307 1508 ιι

106 1557 303 1638 κεφαλαίοις
326 1549 456 1640 έστλνὴ
481 1549 657 1634 ἀπόδειξις.
693 1553 830 1640 έδείχθη
853 1550 917 1640 γὰρ
940 1557 979 1620 έν
1000 1577 1036 1620 τε
1053 1565 1125 1632 τοίς
1146 1565 1268 1639 φντοίς

106 1658 149 1728 τδι
172 1659 343 1748 ταχύτατα
367 1661 450 1748 μέρη
473 1663 533 1747 τῆς
556 1657 659 1748 ἀρχῆς
681 1655 796 1728 αὐτῶν
819 1657 1010 1748 ε’κρυύμενα
1032 1658 1088 1727 καὶ
1117 1659 1170 1728 lxi
1196 1661 1267 1728 τῶν

108 1766 203 1858 ζῴοιν
234 1769 527 1856 προδεδειγμένου
556 1771 656 1836 δυοῖν
688 1764 818 1854 ἀρχῶν,
851 1771 910 1856 τῆς
941 1771 1009 1837 τῶν
1046 1765 1179 1855 νεύρων
1209 1765 1265 1835 aral

106 1877 177 1942 τῶν
200 1872 388 1970 ἀρτηριῷν,
407 1873 447 1944 τὰ
470 1875 533 1962 μὲν
556 1869 632 1944 οἷον
656 1876 790 1962 στελέχη
818 1874 903 1962 πρὸς
924 1889 997 1956 ταῖς
1020 1871 1138 1962 ἀρχαῖς
1166 1871 1266 1959 εἶναι,

106 1979 148 2049 τὰ
172 1982 208 2050 δὲ
232 1979 404 2070 ύνύλογον
431 1981 569 2063 κλάδοις
592 1983 629 2050 έν
655 1985 700 2074 τῷ
728 1985 881 2069 προϊέναι
909 1981 950 2051 τὰ
978 1983 1112 2069 στελέχη
1140 1979 1264 2070 γεννιύ-
1279 2001 1306 2044 ¹⁶

105 2115 202 2178 μενα.
237 2093 338 2159 τοῦτο
363 2089 426 2178 μέν
448 2093 486 2158 ἓν
509 2094 622 2179 λῆμμα
641 2089 698 2158 διδ
718 2091 871 2178 ἐναργῶν
889 2087 1095 2172 ἀποδείξεων
1112 2089 1265 2178 ἐδείχθη·

110 2229 325 2238 ------

146 2295 157 2343 1
179 2287 236 2344 τῶν
261 2282 291 2354 lt
315 2283 445 2360 ύμέτραν
469 2281 543 2344 darei
566 2287 595 2344 M
619 2287 675 2342 τῶν
699 2283 861 2376 έξιιμέτριυν
885 2283 959 2344 darei
983 2286 1094 2355 nsscrn
1118 2286 1154 2342 cl.
1177 2285 1264 2343 Proll.

105 2379 135 2431 p.
156 2367 216 2416 121.
240 2389 274 2400 -
304 2365 319 2414 'l
344 2355 376 2415 έν
395 2354 494 2423 αύτοῑς
517 2359 651 2415 nissen
675 2354 711 2414 έπ
750 2356 848 2422 αιἰτοΐς
871 2359 904 2418 Κ.
930 2393 962 2402 -
993 2367 1010 2416 8
1033 2357 1086 2430 ptr
1109 2375 1180 2416 corr.
1202 2359 1264 2414 ead.

105 2448 183 2488 mon.
202 2431 231 2486 in
248 2429 284 2487 ἲν
302 2431 340 2487 si.
366 2461 398 2472 -
424 2433 546 2488 averna
566 2429 596 2486 οἱ
611 2427 649 2500 μὴ
671 2463 701 2472 ·-
724 2433 772 2486 nol
792 2429 894 2488 τούτου
918 2431 947 2488 in
970 2447 1023 2487 ras.
1043 2431 1081 2486 ll.
1105 2459 1138 2472 -
1164 2437 1198 2488 10
1217 2427 1268 2486 rur

104 2521 159 2574 pro
183 2498 250 2558 έπεί
268 2503 306 2558 bl.
336 2534 368 2545 -
399 2509 432 2558 12
458 2504 507 2558 καλ
532 2503 588 2558 τῶν
611 2503 858 2573 προδεδειγμένου
882 2503 962 2559 οοδδ.
982 2502 1045 2558 edd.
1068 2501 1117 2557 aad
1141 2497 1189 2558 lut
1208 2501 1265 2556 τῶν

105 2571 188 2640 ζώων
205 2577 320 2642 προδεδ.
341 2593 400 2629 nos.
421 2605 453 2616 -·
476 2583 508 2630 15
528 2571 598 2628 κλύδ
613 2573 649 2632 M.
666 2605 698 2614 -
718 2573 868 2644 προσιέναι
882 2574 1015 2630 MABCh
1035 2571 1167 2644 προϊέναι
1181 2571 1264 2629 Corn.

104 2635 140 2703 K.
161 2677 194 2688 -
215 2653 249 2703 16
269 2641 405 2716 έναργῶν
418 2641 580 2716 ἀπεδείχθη
599 2645 636 2700 M.
656 2677 689 2687 -
1087 2659 1090 2670 ·

103 2851 316 2917 hexametros
338 2867 405 2913 non
429 2845 569 2912 excedet
616 2847 755 2924 Quinam
783 2845 888 2934 igitur
915 2847 950 2915 in
973 2869 1073 2914 eausa
1094 2845 1200 2932 fuere,
1226 2849 1266 2913 ut

106 2956 253 3043 quinque
277 2955 354 3020 libn'
378 2955 661 3020 conscriberentur
684 2955 723 3020 de
750 2953 792 3020 iis
816 2956 927 3040 rebus,
954 2977 1037 3042 quae
1065 2959 1140 3023 oeto
1163 2955 1264 3020 versi·

102 3065 169 3130 hus
192 3062 303 3129 herois
327 3061 639 3128 demonstrationem
668 3063 851 3148 elegantem
880 3062 1002 3129 habere
1025 3061 1142 3130 docui?
1187 3059 1264 3128 Non

101 3193 167 3237 nos
190 3175 291 3254 eerte,
315 3169 370 3234 sed
394 3169 584 3256 philosophi
607 3170 671 3249 illi,
695 3170 751 3255 qui
774 3169 953 3236 linearibus
977 3169 1264 3236 demonstrationi·

100 3277 168 3342 bus
197 3276 245 3343 uti
272 3278 403 3362 nolunt,
430 3299 567 3364 quorum
597 3299 649 3343 me
672 3277 793 3362 pudere
817 3275 892 3344 dixi.
937 3275 975 3342 ln
999 3299 1158 3363 quosnam
1182 3277 1263 3342 item

100 3383 204 3470 culpa
226 3385 421 3451 conterenda
449 3389 512 3470 est,
539 3385 626 3472 quod
654 3391 764 3450 sextus
793 3385 877 3450 liber
900 3385 966 3450 illis
996 3383 1125 3450 additus
1150 3389 1201 3450 est
1224 3382 1264 3448 de

99 3494 206 3558 tertio
230 3493 402 3578 principio,
427 3494 511 3578 qnod
536 3493 719 3578 longiorem
749 3491 828 3558 illud
853 3492 983 3578 quidem
1007 3491 1262 3577 disputationem

98 3601 307 3687 requirebat,
340 3623 406 3667 non
437 3601 484 3666 ita
518 3605 628 3666 tamen
660 3601 808 3686 longam,
841 3603 878 3666 ut
909 3599 1036 3686 integer
1064 3619 1147 3666 unus
1179 3597 1264 3663 liber

98 3709 319 3793 impleretur?
369 3707 407 3774 lu
441 3731 496 3774 eos
532 3709 680 3794 inquam,
708 3709 763 3793 qui
793 3709 825 3772 in
855 3707 1034 3774 linearibus
1061 3706 1263 3772 demonstra·

96 3815 251 3884 tionibus
280 3814 448 3882 audiendis
476 3837 542 3880 non
571 3817 648 3880 sunt
671 3815 856 3898 exercitati,
884 3835 1082 3901 quamquam
1106 3817 1140 3879 et
1166 3811 1263 3878 huius

95 3923 377 3992 considerationis
419 3924 532 4008 paneis
574 3923 738 4007 capitibus
785 3923 972 3988 continetur
1015 3919 1263 3986 demonstratio.

96 4033 200 4098 Siout
216 4032 302 4096 enim
327 4031 359 4096 in
385 4031 543 4115 stirpibus
563 4031 784 4095 crassissimus
809 4035 918 4114 partes
943 4051 981 4095 ex
1001 4029 1127 4112 origine
1151 4049 1262 4094 earum

95 4137 308 4208 ostendimus
341 4137 488 4224 prodire,
520 4137 566 4202 ita
607 4139 641 4204 iu
681 4137 880 4204 animalibus
918 4137 1044 4202 duabus
1078 4133 1262 4221 originibus

95 4267 206 4332 supra
233 4245 479 4329 demonstratis,
506 4267 680 4310 nervorum
708 4252 741 4311 et
770 4245 979 4326 arteriarum,
1018 4243 1136 4309 hormu
1172 4241 1264 4308 uelut

93 4363 238 4425 truncos
257 4353 337 4440 ipsis
359 4354 540 4440 originibus
561 4351 745 4436 adhaerere,
764 4357 876 4438 partes
890 4357 1000 4417 autem
1020 4349 1155 4418 ratuulis
1174 4349 1263 4416 simi·

163 4468 245 4512 Galeul
260 4468 287 4510 δε
301 4467 362 4510 Piae.
377 4470 434 4512 Prae.
447 4475 470 4510 et
485 4471 593 4520 ltlppoer.
607 4469 668 4512 libri.
1012 4463 1046 4512 δέ
