3014 5024
710 283 956 379 ὲ-ινο-

249 469 382 560 λόγον’,
408 468 473 541 ὅσα
505 497 539 538 τε
572 469 656 540 ἄλλα
684 475 822 540 τοιαῦτα
850 473 1079 560 προσέγραψε,
1111 475 1331 542 συνίστασθαι
1368 467 1412 538 τὸ

249 578 375 665 πάθος,
403 575 487 648 ἀλλά
517 576 598 648 ὅταν
626 576 769 666 ἀπειθὴς
799 575 817 666 ή
846 577 932 667 ὁρμή
960 585 1094 666 γίνηται
1118 583 1163 672 τῷ
1193 580 1296 672 λόγῳ,
1322 576 1414 647 ὥστε

249 683 426 756 κάνταῦθα
447 685 550 756 πάλιν
570 689 825 774 ἐναντιολογίαν
847 685 923 755 τινὰ
943 684 1158 773 εὑρίσκεσθαι
1181 691 1244 758 τοῦ
1264 694 1413 774 Χρυσίπ-

248 819 317 864 που
339 793 422 881 πρὸς
445 794 582 876 ἑαυτόν,
610 805 701 881 εἴπερ
730 791 942 882 ἀποχωρίσας
968 792 1005 862 τὸ
1034 795 1146 876 πάθος
1173 799 1242 864 τῶν
1269 801 1411 884 ιλιήμαρ-

221 904 403 991 ετιγμείιων
430 910 574 991 κρίσεων
604 895 707 983 αὖθις
735 904 773 970 ἐν
804 907 843 991 πή
876 907 945 971 τῶν
976 910 1121 991 κρίσεων
1148 901 1233 990 πρὸς
1265 900 1414 992 ἀλλιήλας

249 1013 482 1100 ἐναντιολογίᾳ
505 1010 545 1080 τά
573 1037 607 1080 τε
631 1009 803 1098 νοσήματα
827 1015 885 1100 τής
913 1014 1021 1098 ψυχῆς
1043 1012 1096 1079 καλ
1122 1010 1162 1078 τά
1190 1011 1285 1097 πάθη
1316 1019 1413 1081 συνί·

249 1127 395 1188 στασθαι
427 1119 526 1205 λέγει.
581 1117 626 1207 μή
660 1125 779 1186 τοίνυν
812 1117 1037 1207 θαυμάζωμεν
1070 1123 1117 1186 ἔτι
1149 1117 1234 1206 μηδὲ
1268 1117 1319 1188 ότι
1351 1119 1415 1200 τάς

248 1232 434 1313 θεραπείας
458 1230 527 1296 cciv
553 1229 677 1294 παθῶν
708 1223 822 1314 ὀρθῶς
854 1227 916 1315 μὲν
948 1222 967 1295 6
997 1225 1143 1295 Πλάτων
1170 1231 1332 1312 ἔγραψεν,
1353 1225 1416 1306 ως

126 1351 129 1358 ’
212 1369 220 1379 ·
248 1335 303 1402 καὶ
329 1331 346 1403 6
372 1331 603 1414 Ποσειδώνιος
630 1330 720 1424 αὐτῷ
744 1349 920 1421 μαρτυρεῖ,
948 1337 1129 1423 μοχθηρῶς
1153 1333 1189 1402 δὲ
1218 1330 1236 1402 6
1262 1333 1414 1423 Χρύσιπ-

210 1469 236 1507 ιο
249 1465 319 1522 πος.
356 1438 374 1510 6
399 1439 463 1529 γάρ
486 1441 566 1529 μήτε
591 1441 699 1522 πάσας
720 1441 779 1520 τάς
801 1447 910 1522 αι’τιάς
931 1445 1000 1510 τῶν
1019 1445 1141 1510 παθῶν
1164 1437 1411 1530 ἀποφήνασθαι

249 1548 427 1636 τολμήσας,
451 1545 534 1618 ἀλλὰ
559 1551 596 1618 ἐν
619 1563 691 1628 ταῖς
714 1549 934 1635 κυριωτάταις
956 1547 1095 1636 ἀπορεῖν
1117 1547 1341 1638 ὁμολογήσας,
1366 1549 1415 1632 ὧς

250 1657 288 1726 ἐν
311 1660 356 1748 τῷ
376 1655 440 1745 πρὸ
465 1657 589 1726 τούτου
609 1657 771 1726 δέδεικται
793 1657 971 1745 γράμματι,
994 1657 1073 1746 μήτε
1094 1660 1131 1726 ἐν
1149 1651 1203 1738 αἶς
1227 1659 1414 1747 ἐτόλμησεν

250 1767 356 1834 εἰπεῖν
378 1792 409 1833 τι
432 1768 540 1846 καλῶς
563 1762 824 1852 ἀποφηνάμενος
847 1755 945 1844 οὗτος
969 1761 1030 1834 ocia
1054 1763 1108 1842 ἀν,
1132 1761 1242 1852 οἶμαι,
1267 1765 1411 1836 δύναιτο

249 1871 312 1960 τήν
334 1879 520 1957 θεραπείαν
542 1869 656 1940 αὐτῶν
678 1871 883 1959 ποιήσασθαι
909 1873 991 1941 κιιτά
1014 1873 1149 1960 τρόπον.
1195 1869 1296 1956 ἀλλά,
1324 1872 1408 1961 ὅπερ

210 1977 346 2048 ιεεῖπον
379 1977 443 2068 ἤδη
476 1981 530 2049 καὶ
559 1981 727 2067 πρόσθεν.
760 1989 793 2048 εί
821 2007 870 2060 τις
902 1981 1063 2070 ἐξελέγχοι
1096 1981 1137 2050 rh
1167 1983 1313 2069 τέσσαρα
1344 1989 1410 2052 τοῦ

250 2093 449 2175 Χρυσίππου
467 2093 591 2175 βιβλία.
610 2087 697 2156 πολὺ
710 2091 864 2156 πλεόνων
878 2085 968 2178 αὐτῷ
984 2088 1094 2177 δεήσει
1109 2089 1390 2178 συγγραμμάτων.
1404 2095 1407 2163 ἵ

285 2309 301 2358 2
321 2299 477 2374 τοῦλόγου
497 2305 528 2360 L.
548 2337 580 2347 -
603 2311 619 2360 3
640 2298 656 2390 ή
677 2300 841 2375 ἀντιλογίαν
860 2323 910 2374 pro
930 2299 1067 2359 ε’ναντιολ.
1084 2303 1113 2358 L.
1135 2334 1165 2344 ·-
1188 2312 1204 2359 t
1223 2300 1412 2375 (inclausione

248 2373 396 2430 MABCh.
413 2409 443 2419 -
468 2371 623 2446 θὸμολογί
638 2373 691 2432 οσά
713 2397 741 2432 τε
758 2377 779 2430 L
799 2373 952 2446 ὁμολογίαν
971 2373 1035 2430 τάτε
1053 2376 1080 2429 bl
1100 2371 1236 2450 ὁμολογίᾳ
1256 2377 1289 2432 τά
1309 2399 1336 2433 τε
1357 2379 1411 2432 ΑΒ

250 2441 445 2522 ἐναντιολογίμ
468 2445 503 2502 τά
527 2467 556 2503 τε
577 2447 657 2506 Com.
679 2448 750 2504 Chh'
774 2449 903 2518 (sortasse
928 2443 980 2516 οὐχ
1005 2441 1139 2517 ὁμολογία
1168 2449 1213 2503 rel
1236 2445 1410 2520 ἀνομολογιά

249 2539 273 2574 ι.
292 2521 327 2588 ι.)
346 2550 377 2559 -
405 2524 420 2573 ι
444 2519 519 2590 ειμι
540 2519 711 2576 urinam.
736 2551 768 2562 -
794 2523 878 2574 sau
898 2539 952 2576 om.
978 2505 1152 2574 iissem.
1180 2551 1209 2560 -
1241 2529 1275 2576 ιο
1298 2516 1332 2574 aa
1355 2509 1411 2592 ‚aa
1500 2549 1501 2560 ι

249 2589 287 2644 M.
312 2621 344 2632 ··-
376 2598 408 2646 13
432 2583 516 2656 οὗτος
542 2611 596 2648 om.
620 2592 651 2648 Ia.
678 2624 709 2632 -
735 2590 841 2647 δότ-ατο
868 2591 904 2650 Μ.
932 2623 965 2632 -
994 2599 1025 2646 λθ
1050 2595 1106 2646 είτε
1131 2608 1182 2662 pm
1206 2593 1238 2648 εί
1257 2614 1297 2656 τις
1322 2593 1350 2648 b.
1376 2625 1410 2636 —

252 2669 285 2718 16
303 2658 376 2718 πολὺ
395 2679 449 2719 om.
471 2663 500 2719 L.
521 2695 555 2706 -

251 2846 414 2932 quadam
441 2847 479 2912 in
507 2848 661 2912 ratione
693 2847 859 2912 labitnr’
889 2852 923 2911 ct
949 2867 1031 2932 quae
1060 2851 1254 2932 sequuntur,
1282 2853 1408 2934 pertur-

251 2953 418 3019 bationem
457 2954 649 3037 consistere,
692 2954 761 3036 sed,
803 2953 830 3018 si
868 2976 934 3019 uon
971 2953 1083 3020 obedit
1119 2955 1240 3022 rationi
1283 2958 1407 3042 appeti·

177 3116 180 3124 .
251 3062 313 3145 tic,
341 3061 422 3128 adeo
447 3066 483 3127 ut
510 3060 564 3128 hic
593 3085 722 3148 quoque
746 3060 951 3146 Chrysippus
980 3061 1044 3127 sibi
1072 3062 1143 3146 ipse
1167 3063 1334 3129 adversari
1355 3065 1408 3129 de-

251 3167 484 3254 prehendatur,
513 3169 540 3234 si
570 3169 713 3255 quidem,
742 3191 815 3234 cum
845 3169 1124 3252 perturbationem
1154 3169 1195 3235 ab
1224 3171 1408 3238 errantibus

252 3275 380 3342 iudiciis
400 3279 610 3364 separaverit,
634 3278 848 3344 nihilominus
873 3275 905 3341 in
926 3277 1118 3344 iudiciorum
1139 3278 1225 3343 inter
1246 3301 1281 3342 se
1299 3300 1409 3366 pugna

252 3383 384 3450 morbos
409 3385 510 3450 animi
535 3389 568 3448 et
597 3385 861 3470 perturbationes
891 3385 1069 3450 consistere
1098 3385 1186 3450 dicit.
1233 3383 1326 3451 Nihil
1350 3385 1409 3473 igi·

251 3495 306 3556 tur
330 3490 448 3558 mirum
473 3515 542 3557 esse
567 3493 676 3576 debet,
700 3494 728 3557 si
754 3497 840 3557 recte
865 3517 884 3557 a
907 3492 1044 3558 Platone
1072 3493 1246 3558 atter-tuum
1271 3495 1408 3560 curatio-

252 3622 309 3665 nes
338 3600 479 3665 traditae
508 3605 597 3684 snnt,
630 3606 667 3664 ut
695 3599 889 3666 Posidonius
918 3621 1046 3687 quoquc
1074 3604 1229 3684 testatur,
1258 3623 1277 3664 u
1306 3599 1408 3686 Chry·

253 3708 348 3793 sippo
372 3712 488 3773 contra
512 3730 692 3792 perperam.
730 3707 791 3784 Qui
816 3709 900 3772 enim
925 3729 1029 3792 neque
1054 3729 1166 3772 onmes
1190 3707 1408 3792 perturbatio-

252 3837 331 3881 num
355 3837 471 3881 causas
492 3838 589 3880 ausus
614 3817 658 3881 sit
678 3816 851 3900 explicare,
874 3817 928 3880 sed
950 3816 984 3880 in
1008 3815 1192 3900 praecipuis
1216 3837 1251 3878 se
1276 3813 1408 3882 haerere

253 3923 411 4006 fateatur,
440 3928 476 3988 ut
504 3925 538 3988 in
567 3923 734 4008 superiore
758 3925 843 3990 libro
872 3925 1131 3988 dernoustratum
1154 3927 1218 4005 est,
1245 3945 1349 4009 neque
1375 3925 1408 3990 in

253 4031 340 4117 istis,
370 4053 451 4116 quas
481 4033 588 4112 affert,
618 4035 703 4095 recte
731 4031 907 4116 quidquam
937 4029 1069 4112 dixerit,
1102 4029 1171 4094 heri
1198 4053 1264 4096 non
1293 4037 1409 4118 potest,

239 4142 291 4203 ‘ut
309 4139 336 4202 is
355 4138 394 4203 de
413 4139 581 4204 curatione
601 4139 882 4222 perturbationum
903 4137 1133 4204 convenienter
1151 4137 1306 4223 disputet
1340 4137 1409 4224 Sed,

254 4245 339 4331 quod
363 4245 429 4310 ium
454 4250 550 4312 antea
569 4246 647 4328 dixi,
671 4247 699 4311 si
722 4248 796 4332 quis
820 4251 961 4330 quatuor
980 4245 1159 4332 Chrysippi
1177 4244 1280 4312 libros
1300 4269 1408 4314 omues

254 4354 398 4419 refutare
422 4355 516 4436 velit,
544 4354 649 4419 multo
674 4354 766 4438 plura
793 4355 821 4417 ei
855 4353 1087 4418 conscribenda
1112 4357 1207 4418 erunt
1235 4353 1407 4420 volumina.
