2992 5034
726 325 769 340 ·—
815 287 882 360 462
929 275 992 338 -ss

265 445 397 539 ὑπάρχῃ
422 447 534 536 φύσει,
558 448 707 538 τοσούτῳ
729 453 859 536 μᾶλλον
883 445 1042 536 ὑπομένει
1066 453 1231 534 γενναίως
1253 447 1313 529 τὰς
1330 449 1419 516 antri·

266 559 363 646 σεις)·
395 553 414 626 ὁ
443 555 479 625 ὁὶ
509 559 635 648 ἔτερος,
668 555 760 638 ὅστις
790 554 833 626 civ
860 553 1053 626 ἆὸικεῑσθαι
1089 563 1220 644 νομίζῃ,
1255 561 1417 646 θυμοῦται

265 665 322 733 καί
354 671 546 752 χαλεπαίνει
579 667 633 733 καὶ
668 679 836 754 συμμαχεῖ
863 669 908 756 τῷ
942 667 1101 734 δοκοῦντι
1135 669 1263 756 θιιιαίῳ.
1323 663 1419 734 ταῦθ’

266 770 431 861 ὁσημέραι
454 774 616 862 γινόμενα
640 771 718 842 κάπὶ
747 777 815 842 τῶν
844 777 983 842 οίκετῶν
1011 777 1079 840 ἔστι
1104 771 1307 844 θεάσασθαι.
1353 774 1420 844 ὅσοι

238 880 329 970 apta
350 879 415 970 γὰρ
439 877 483 950 civ
506 880 620 951 αὐτῶν
644 877 662 970 ἢ
687 884 883 960 κλέπτοντες
908 878 926 967 ἦ
950 907 981 946 τι
1000 883 1159 948 τοιοῦτον
1182 881 1297 968 ἕτερον
1320 887 1421 970 ὁρῶν-

265 1015 318 1070 τες
338 986 462 1074 ἁλώσι,
485 990 541 1058 καὶ
569 989 826 1077 μαστιγούμενοι
857 989 912 1056 καί
943 987 1247 1075 λιμαγχονούμενοι
1276 991 1332 1058 καὶ
1361 988 1422 1058 ἀτι-

265 1097 445 1187 μαζόμενοι
468 1097 553 1184 πρὸς
580 1101 648 1166 τῶν
672 1101 844 1166 θεσποτών
872 1093 933 1166 οὐκ
962 1089 1164 1181 ὀργίζονται·
1193 1093 1266 1162 ὅσοι
1296 1095 1333 1162 ὁὶ
1362 1093 1422 1162 rir'

198 1209 434 1294 rnsoipttainrv
467 1203 591 1286 ἀδίκως
622 1233 653 1273 τι
688 1205 819 1274 τούτοιν
849 1200 866 1294 ip
898 1203 1040 1290 πάσχειν
1071 1197 1088 1290 ἢ
1116 1203 1341 1288 πεπονθέναι,
1376 1200 1420 1270 ciri

265 1312 396 1382 τούτων
419 1318 521 1382 ἔνδον
545 1312 563 1382 ὁ
596 1313 706 1402 θυμὸς
734 1311 956 1402 ἀγριοίιμινός
980 1313 1048 1380 ἐστι
1072 1311 1127 1379 καὶ
1157 1314 1278 1380 ποθῶν
1307 1307 1423 1378 ἀντιτι-

226 1420 488 1509 τιμωρήσασθαι
515 1421 576 1490 τὸν
602 1419 794 1490 sturnorum.
833 1423 993 1508 ὁιγλοίιται
1018 1419 1055 1488 at
1080 1421 1113 1502 ἐξ
1136 1417 1338 1508 ἀμφοτέρων
1361 1423 1424 1488 τῶν

265 1529 557 1618 παραδειγμάτων,
581 1527 627 1610 ὠς
646 1529 682 1597 τὸ
704 1529 883 1617 θομοειὸὲς
905 1525 966 1596 ὑπὸ
991 1531 1049 1614 τῆς
1067 1528 1201 1614 φύσεως
1220 1525 1301 1615 ἡμῖν
1320 1527 1422 1615 ε’ὁόθη

265 1635 444 1726 σύμμαχον
475 1641 519 1730 τῷ
552 1642 739 1729 λογιστικῷ.
784 1635 891 1728 τούτῳ
925 1639 1010 1722 γοῦν
1043 1634 1085 1722 ὀὴ
1115 1643 1269 1722 φαίνεται
1299 1657 1423 1726 σνμμα·

264 1748 360 1834 γοῦν,
383 1744 465 1814 ὅταν
487 1742 554 1814 ὑπό
577 1772 669 1825 τινος
695 1741 712 1833 ἢ
733 1749 879 1813 ἔνδοθεν
906 1739 922 1831 ἢ
947 1747 1076 1824 ἔξωθεν
1098 1741 1294 1812 ἀδικεῖσθαι’
1313 1771 1349 1813 τε
1372 1745 1420 1812 καί

263 1853 438 1940 βιάζεσθαι
463 1853 593 1942 θοξιίζγμ
639 1853 676 1922 τὸ
700 1853 763 1942 μὲν
782 1845 846 1922 οὖν
865 1851 1016 1933 (δοξάζειν
1039 1848 1231 1921 ιέὁικεῑσθαι
1255 1856 1317 1922 τοῦ
1340 1861 1424 1940 λογι-

224 1965 398 2048 ιιστιιιοῦ,
434 1961 472 2030 τὸ
506 1961 543 2030 σὲ
577 1961 762 2049 ἐπαμύνειν
795 1957 885 2051 αὐτῷ
923 1958 1005 2028 κατὰ
1038 1964 1099 2028 τοῦ
1131 1963 1336 2050 βιαζομένου
1367 1965 1423 2030 τοῦ

264 2072 472 2157 θυμοειὸοῦς
500 2073 598 2139 ίθιον.
650 2067 787 2138 ίπειὸὰν
814 2068 876 2158 μὲν
906 2059 970 2137 οὖν
998 2063 1146 2156 ἆμίτρως
1178 2070 1236 2137 ἐπί
1264 2095 1296 2136 τι
1328 2067 1423 2157 ‹prpi-

265 2233 481 2246 -ss—n———n-

205 2377 208 2384 ,
302 2315 460 2393 Ιίιιιοίρχει
484 2323 579 2378 ΜΑΒ.
605 2353 638 2365 -
664 2323 799 2378 τοσοῦτον
819 2321 855 2378 M.
877 2351 910 2362 -
938 2327 953 2376 ’Ξ
978 2323 1077 2390 νομίζῃ
1100 2321 1186 2390 θνμῶ
1210 2317 1240 2376 τὲ
1261 2325 1421 2391 χαλεπαίνει

265 2395 297 2452 L.
318 2427 351 2437 -
372 2403 388 2451 3
408 2397 511 2450 ὸιιιαίω
531 2395 588 2450 LM
607 2395 687 2452 Corn.
709 2397 808 2450 δικαία
829 2393 879 2449 AB
899 2395 997 2448 δίκαια
1018 2391 1102 2458 ChK;
1122 2393 1156 2447 cf.
1176 2393 1262 2448 Proll.
1282 2413 1308 2464 p.
1329 2403 1372 2448 Ἠ.
1391 2424 1421 2434 -

263 2467 355 2524 ταῦτα
375 2467 407 2522 L.
427 2475 493 2522 -4
513 2461 566 2522 ὅσοι
585 2467 666 2538 με’ρει
681 2467 718 2522 M.
739 2497 771 2508 -
793 2461 826 2520 τα
847 2461 1017 2535 γιγι·ὀμενα’
1021 2463 1041 2518 L
1062 2461 1217 2534 γιγνόμενα
1236 2464 1265 2519 M
1284 2463 1421 2537 γενόμενα

264 2539 394 2596 ancha
418 2535 556 2608 γινοίιενα
580 2557 639 2595 nos.
660 2571 692 2578 -
720 2534 779 2593 ἐστὶ
801 2537 932 2592 θεᾶσθαι
951 2537 982 2592 L.
1008 2567 1041 2576 —·
1071 2535 1369 2608 ὓλιμαγγιονοίμενοι
1388 2539 1420 2592 M.

264 2643 298 2652 ·-
319 2617 336 2667 9
355 2631 384 2666 τε
426 2629 457 2668 ro
478 2591 536 2668 ίστι
551 2611 583 2666 ir.
603 2641 636 2652 -
659 2620 692 2666 10
712 2606 745 2666 rai
766 2605 924 2665 ἀδικοῦντα
938 2609 968 2663 L.
989 2637 1024 2650 —
1044 2609 1197 2683 ὁηλοῦγται
1217 2609 1248 2664 1..
1268 2641 1300 2650 —-
1324 2617 1356 2664 15
1376 2609 1421 2664 rai

264 2701 316 2754 pro
335 2679 367 2738 τὸ
386 2629 482 2740 ΒΓΑΒ.
502 2713 536 2724 -
556 2678 629 2738 αὐτὸ
649 2682 686 2738 M.
706 2715 739 2722 —
762 2689 794 2737 16
814 2673 868 2736 οὖν
887 2679 941 2751 μὲν
960 2697 1011 2750 pro
1030 2677 1084 2750 μὲν
1103 2699 1156 2734 σοι·
1175 2679 1212 2736 M.
1234 2711 1267 2721 —

264 2959 337 3006 rum
366 2941 491 3022 autern,
520 2939 576 3025 qui
606 2961 640 3004 sc
668 2937 789 3004 iniuria
817 2935 905 3004 affici
935 2937 1042 3021 putet,
1069 2935 1167 3001 irasci
1196 2939 1230 3000 ct
1261 2937 1420 3026 indignari

189 3051 194 3058 ’
266 3051 364 3134 atquc
389 3047 427 3130 ei,
451 3047 537 3132 quod
561 3048 683 3112 iustum
708 3047 870 3130 rideatur,
895 3043 1061 3129 opitulari.
1107 3043 1197 3120 Quae
1221 3045 1420 3130 quotidinia

265 3155 369 3222 servis
401 3177 529 3242 quoque
563 3155 633 3220 ficri
667 3156 776 3220 ridere
809 3155 895 3220 licat.
951 3151 1014 3230 Qui
1038 3152 1125 3218 enirn
1158 3152 1238 3218 furti
1267 3154 1419 3220 actalius

266 3263 412 3331 criminis
442 3262 630 3330 huiusmodi
659 3262 801 3329 convicti
830 3261 1009 3327 caeduntur
1032 3265 1065 3324 ct
1093 3260 1201 3326 inedia
1225 3265 1259 3327 ct
1285 3261 1419 3350 ignomi-

264 3371 321 3438 nia
345 3395 364 3436 a
392 3370 532 3438 dominis
558 3371 763 3454 afficiuntur,
790 3393 855 3436 non
885 3370 1085 3455 irascuntur3
1119 3375 1153 3434 at
1181 3369 1247 3454 illi,
1275 3373 1331 3458 qui
1358 3371 1419 3436 talc

265 3477 433 3567 quidpiam
457 3479 576 3545 iniuria
602 3503 636 3545 sc
661 3481 806 3564 patiant
830 3501 945 3564 passos
966 3499 1037 3542 esse
1060 3477 1273 3563 arbitrantur,
1297 3500 1420 3564 semper

265 3589 465 3655 saeuientem
489 3588 574 3653 iram
598 3587 632 3652 in
656 3587 767 3654 animo
790 3587 915 3653 habent
938 3591 1165 3673 promtumque
1190 3585 1230 3652 ad
1251 3589 1418 3654 sumendus

264 3719 388 3784 pncnas
417 3697 458 3762 ab
487 3717 538 3778 co,
571 3695 626 3781 qui
656 3695 811 3762 iniuriam
839 3695 998 3762 intulerit.
1045 3693 1171 3772 Quibus
1200 3719 1238 3761 ax
1267 3695 1417 3780 exemplis

264 3806 476 3872 manifestum
510 3807 546 3868 tit
575 3804 778 3894 iracundiam
812 3805 907 3872 nobis
939 3827 958 3869 a
991 3808 1110 3868 natura
1138 3803 1250 3868 datam
1280 3825 1363 3884 esse,
1386 3805 1417 3866 ut

263 3908 386 3978 rationi
406 3913 633 3996 opitularetur.
671 3911 764 3978 Hanc
785 3911 915 3996 quidem
935 3911 992 3977 illa
1013 3912 1166 3977 adiurare
1187 3921 1256 3976 tum
1272 3911 1417 3983 cernitur,

264 4043 338 4087 cum
363 4019 539 4106 abaliquo
564 4019 615 4084 rel
640 4020 728 4085 intus
755 4019 803 4084 rel
830 4021 1030 4086 extrinsecus
1056 4019 1175 4086 iniuria
1200 4042 1234 4084 sc
1259 4021 1346 4087 at'fici
1370 4017 1416 4084 rcl

264 4127 297 4194 vi
320 4128 474 4214 compelli
500 4128 662 4212 opinatur.
708 4127 792 4194 illud
823 4129 951 4212 opinari
976 4151 1049 4192 cum
1078 4127 1214 4193 rationis
1239 4128 1298 4214 sit,
1325 4151 1415 4214 cpeur

263 4235 348 4301 icrrc
373 4248 485 4302 contra
515 4235 581 4300 viru
610 4234 738 4300 illatam
767 4235 953 4302 iracundiae
980 4235 1151 4320 proprium
1180 4241 1238 4302 cst.
1284 4237 1416 4316 Quando

263 4343 366 4429 igitur
387 4343 600 4410 immoderata
629 4343 668 4409 acl
698 4343 822 4430 aliquid
851 4345 954 4410 fcrtur
977 4343 1138 4430 cupiditas
1168 4367 1341 4432 secumque
1369 4367 1414 4410 ra·
