2960 5032
200 635 205 644 ¹
252 551 427 622 admodum
447 575 510 621 nos
532 577 564 642 p.
587 553 631 620 35
653 553 869 620 restituimus.
907 553 942 620 P.
965 551 1031 620 568
1056 556 1137 620 extr.
1159 575 1226 621 non
1250 546 1327 622 οἷον
1351 547 1418 622 orire

251 657 334 730 ἄλλο
357 655 437 729 καθ’
454 657 550 730 ὅλου
572 663 634 729 τού
658 657 744 752 ζῴον
766 655 804 727 τὸ
829 661 940 746 σῶμα,
968 661 1024 727 sed
1047 655 1128 728 καθ’
1149 655 1246 728 ὅλον
1269 663 1417 730 seriben-

251 771 328 836 dum
352 792 423 838 esse
447 769 716 836 existimavimus.
763 769 798 834 P.
813 770 879 834 622
904 771 983 835 extr.
1006 769 1072 835 623
1096 769 1139 835 in.
1161 769 1289 836 Knehn.
1312 773 1419 837 male:

251 876 400 963 ἐξαίρετα
428 872 492 962 γὰρ
520 876 622 963 ἐχρῆν
650 870 740 966 αύτῷ
772 877 831 965 (se.
860 877 905 967 τῷ
936 878 995 962 τῆς
1026 872 1135 955 ὄψεως
1167 874 1291 968 νεύρῳ)
1322 875 1417 962 παρὰ

249 979 354 1052 τάλλα
376 979 540 1071 ὑπάρχειν
562 980 668 1052 πολλά
692 986 877 1071 τετρῆσθαί
896 1009 930 1052 τε
950 979 1008 1051 διὰ
1025 986 1088 1052 τού
1105 979 1238 1070 βάθους
1260 983 1315 1052 καὶ
1340 1012 1417 1072 μα-

250 1088 349 1159 λακὰ
375 1089 438 1180 μὶν
466 1088 552 1160 εἶναι
579 1093 700 1174 ταῦτα,
727 1089 877 1178 σκληρὰ
904 1089 942 1159 δὲ
969 1087 1010 1158 τά
1037 1089 1141 1178 πέριξ.
1185 1093 1250 1160 Pro
1278 1091 1416 1179 μαλακά

249 1201 284 1266 in
306 1200 342 1268 M
364 1203 513 1287 μαλακά,
536 1205 570 1267 et
590 1224 650 1286 pro
670 1195 756 1266 εἶναι
779 1200 883 1266 ταῦτα
907 1195 993 1266 εἶναι
1021 1195 1117 1266 κατὰ
1144 1202 1249 1266 ταῦτα
1276 1201 1310 1266 in
1339 1201 1415 1268 MA

248 1306 348 1396 BOh‚
379 1333 440 1396 pro
473 1304 599 1395 σκληρά
631 1310 666 1374 in
696 1309 765 1374 MA
799 1309 949 1393 σκληρά,
986 1309 1021 1374 in
1052 1308 1080 1373 B
1112 1309 1261 1396 σκληρῷ,
1294 1309 1328 1374 in
1361 1307 1415 1376 Oh

249 1411 376 1502 σκληρά
400 1417 558 1502 scriptum
587 1421 645 1482 est.
689 1416 796 1483 Nemo
820 1417 923 1503 igitur
946 1417 1107 1482 editorum
1131 1417 1294 1482 intellexit
1313 1415 1414 1483 Gale·

247 1547 327 1592 num
350 1525 521 1611 scripsisse
540 1522 594 1590 καὶ
614 1522 780 1610 μαλακὸν
802 1521 865 1608 μὲν
884 1519 970 1590 εἶναι
993 1521 1090 1590 κατά
1109 1524 1228 1602 ταῦτα,
1251 1521 1415 1608 σκληρὸν

249 1629 287 1698 ὑὲ
309 1630 351 1698 τὰ
368 1632 462 1718 πέριξ
487 1631 637 1697 ‘nervum
657 1632 790 1697 nrollenr
809 1657 879 1698 esse
899 1633 1108 1716 intrinsecus,
1132 1631 1332 1697 extrinsecus·
1353 1633 1414 1698 du·

248 1739 343 1806 rum?
389 1740 423 1806 P.
448 1740 514 1805 634
539 1738 621 1804 med.
648 1737 686 1803 έν
714 1740 750 1824 τί,
776 1738 849 1824 περὶ
877 1741 935 1824 τῆς
962 1735 1162 1819 ἀποδείξεως
1189 1745 1415 1827 πραγματείᾳ,

247 1841 326 1913 καθ’
348 1841 392 1933 ἣν
414 1843 573 1932 πράτιχν
591 1839 671 1925 citeri
691 1845 924 1932 γεγυμνάσθαι
943 1843 1005 1914 τὸν
1022 1843 1168 1934 άκριβῶς
1181 1845 1321 1913 ἕπεσθαι
1337 1861 1416 1926 τοῖς

250 1955 316 2021 νῦν
337 1953 532 2040 λεγομένοις
554 1952 733 2038 ἐφιέμενον
757 1979 869 2020 omnes
894 1955 1075 2034 ediderunt3
1104 1977 1164 2040 pro
1187 1951 1325 2038 πράτιχν
1348 1979 1414 2022 nos

246 2063 403 2149 πρῶτον
426 2063 643 2147 restituimus3
672 2085 749 2128 nam
778 2086 891 2128 sensns
915 2067 977 2128 est:
1011 2061 1181 2148 ‘inopere
1210 2062 1249 2126 de
1274 2063 1415 2129 dernen-

246 2171 406 2238 stratione
424 2172 519 2254 prins
541 2175 707 2236 versatum
732 2171 844 2252 velim,
872 2171 926 2256 qni
951 2193 1002 2250 ea,
1030 2193 1113 2256 quae
1136 2192 1222 2236 nnnc
1245 2169 1416 2256 dicuntur,

246 2278 347 2366 probe
371 2277 563 2364 intellegere
592 2276 720 2342 stunt!
767 2277 802 2344 P.
827 2279 891 2344 784
915 2301 946 2364 p.
970 2279 1052 2344 med.
1080 2285 1297 2364 peceaverunt
1327 2281 1414 2346 seri·

245 2387 360 2452 bentes
384 2378 487 2453 odatv
510 2381 591 2450 άλλο
613 2382 730 2470 τέχνης
749 2379 887 2470 ὑπάρχει
907 2381 1081 2470 γνώρισμα
1099 2380 1189 2466 παρὰ
1208 2381 1271 2470 τὴν
1289 2391 1415 2470 χρείαν

246 2489 388 2560 ἑκάστου
410 2493 479 2559 τῶν
504 2491 541 2558 έν
564 2494 608 2582 τῷ
629 2491 915 2577 ὁιχμιοιργιχθέντι
939 2497 1080 2582 μορίῳ,
1104 2515 1163 2579 pro
1185 2517 1248 2579 qno
1272 2517 1333 2560 nos
1359 2519 1414 2562 re·

245 2601 413 2668 stituimus
436 2605 600 2687 μορίων;
625 2623 655 2686 p.
671 2601 735 2666 758
755 2601 825 2666 init.
845 2605 999 2684 univerae
1024 2595 1088 2683 γάρ
1107 2595 1171 2665 κάν
1192 2597 1326 2679 τούτοις
1346 2599 1415 2671 ούκ

245 2703 400 2795 ὀλίγοις
422 2701 570 2792 ἀριθμὸς
593 2709 729 2772 σκοπῶν
752 2705 789 2772 ἐν
813 2705 952 2796 ἑκάστῳς
976 2707 1048 2794 lege
1073 2701 1216 2792 ὀλίγος.

333 2815 384 2884 Ne
407 2815 489 2882 illud
512 2816 643 2900 quidem
663 2837 765 2900 genus
784 2821 990 2901 peecatorum
1009 2817 1337 2900 praetermittendum
1364 2825 1415 2887 vi-

243 2925 352 3010 detur,
379 2925 465 3010 quod
489 2929 598 2990 ortum
621 2927 685 3007 est,
714 2946 786 2988 euru
810 2925 1037 3008 compendium
1062 2924 1194 3010 aliquod
1217 2925 1264 2990 ila
1289 2927 1412 2993 obsen-

243 3037 352 3098 ratum
375 3031 452 3116 fuit,
480 3037 517 3096 ut
541 3055 559 3096 a
582 3030 719 3097 librario
744 3055 809 3096 non
834 3031 1155 3096 animadverteretur.
1200 3031 1290 3098 Hnee
1317 3037 1412 3104 eninr

244 3145 430 3223 causaest,
454 3161 510 3204 cnr
534 3139 681 3224 legamus
706 3139 740 3204 in
758 3139 784 3204 L
804 3133 954 3224 άμφότερ
977 3163 1037 3224 pro
1062 3133 1252 3225 ἀμφοτέρας
1275 3152 1322 3226 (μ.
1337 3145 1411 3210 4ίιῖ

244 3271 275 3333 p.
299 3245 409 3336 med),
433 3247 467 3312 in
486 3245 520 3312 ll
545 3242 658 3332 σύμπα
678 3269 737 3332 pro
758 3243 931 3331 σύμπασα,
955 3245 996 3330 (iri
1017 3271 1076 3334 pro
1101 3247 1210 3332 ῥῆσις,
1234 3243 1324 3313 ἅπαν
1344 3274 1412 3336 pro

244 3349 407 3436 ἅπαντας,
436 3357 534 3418 νεανί
559 3376 618 3439 pro
648 3357 851 3432 νεανίσκοις,
885 3355 918 3420 in
946 3353 1016 3420 MA
1045 3359 1146 3440 χωρίς
1177 3379 1237 3440 pro
1267 3363 1413 3441 χωρίοις

243 3459 288 3549 (p.
309 3451 376 3530 380
394 3485 425 3548 p.
444 3461 555 3548 medi),
578 3460 639 3527 τοῦ
663 3459 715 3526 καλ
735 3474 811 3540 ’τοῖς
833 3457 870 3528 τὸ
894 3463 1072 3546 διωρίσθαι
1099 3465 1110 3533 ί
1114 3487 1144 3548 p.
1159 3463 1239 3550 adl)
1263 3487 1322 3551 pro
1341 3473 1412 3536 τοῦ

243 3568 297 3638 καλ
321 3581 392 3648 τοῖς
413 3565 550 3646 τύποις
574 3569 604 3634 d.
628 3570 756 3654 aliaque
779 3571 976 3637 huiusmodi.
1018 3571 1107 3648 Quae
1132 3577 1266 3656 peccata
1288 3597 1410 3658 ιμιειιιι-

243 3701 342 3766 quam
370 3677 512 3763 plurima
540 3677 581 3742 ab
610 3677 790 3743 nidoribus
820 3685 895 3744 nuit
924 3685 1083 3764 correcta,
1110 3687 1221 3745 tamen
1243 3685 1409 3752 nonnulla

243 3809 298 3853 eos
321 3786 496 3852 latuerrmt.
532 3784 619 3851 Nam
644 3809 674 3870 p.
698 3787 764 3852 410
788 3811 818 3872 p.
842 3787 924 3852 med.
943 3787 1111 3853 ediderunt
1136 3783 1253 3872 ὅμοια
1273 3785 1309 3854 dt
1330 3807 1409 3874 τοῖς

242 3891 551 3981 προγεγραμμένοις
574 3931 615 3941 -
645 3895 708 3978 ε”χει
739 3891 792 3958 καὶ
822 3889 917 3975 uide,
944 3919 1004 3960 nos
1032 3889 1178 3980 ὁμοίως
1208 3895 1407 3982 seripsirnns

242 4001 311 4068 nixi
335 4002 499 4086 scripturn
523 4007 672 4066 transuta
697 4003 818 4068 eodieis
845 4002 877 4069 li
901 3997 992 4087 ὅμως
1022 4027 1054 4089 p.
1077 4005 1142 4068 464
1166 4003 1209 4070 in.
1233 4003 1297 4070 illi:
1320 4023 1408 4076 σνν-

242 4107 335 4174 άπτει
360 4102 392 4173 d’
410 4105 545 4186 είκύτως
568 4121 637 4186 τοῖς
661 4105 775 4191 λύγοις
796 4107 929 4187 τούτοις
951 4109 1099 4198 (τιιύτοις
1118 4133 1226 4177 errore
1247 4115 1407 4199 typothe-

242 4221 350 4283 tarum
370 4215 415 4302 li)
438 4211 456 4280 d
477 4215 708 4294 Ποσειὸιάνιος
731 4213 770 4282 τίι
794 4215 876 4282 κατὰ
895 4212 964 4283 τὸν
987 4213 1298 4303 φυσιογνιύμονα
1321 4247 1407 4306 ραι.

242 4319 385 4410 νόμενα,
413 4347 473 4388 nas
502 4327 622 4390 codicis
647 4325 672 4392 L
703 4325 797 4391 tidem
828 4327 930 4392 see-nti
961 4321 1043 4392 κατά
1072 4323 1143 4412 τὴν
1172 4345 1407 4412 φνσιογνω.

241 4435 400 4519 μονιάν;
424 4453 454 4516 p.
474 4433 538 4498 :314
564 4439 643 4500 extr.
666 4433 730 4502 illi:
753 4433 791 4499 ίν
813 4431 931 4520 μόνοις
954 4431 1018 4520 γάρ
1036 4447 1106 4512 τοῖς
1124 4429 1336 4521 ὁμοιομερίσι
1363 4469 1403 4512 ro
