2984 5030
550 325 800 391 ..ocl—

92 485 264 570 μηδεμίαν
287 485 399 548 αἰτίαν
423 481 550 550 εἰπόντι
573 487 633 568 της
655 481 783 570 όλόγον
805 488 874 553 τῶν
892 483 1072 572 δογμάτων
1094 491 1253 574 μεταλλα-

93 593 171 676 lde.
195 607 279 656 υστε
302 585 543 678 ῦποπτευθήση
570 593 699 678 μᾶλλον
727 587 989 682 ἢπιοτεοθηση.
1033 592 1089 660 καὶ
1116 591 1186 679 μὴν
1212 596 1253 678 εί,

94 695 185 764 ὁιότι
214 695 453 782 πιθανώτερόν
480 717 532 765 σοι
564 696 652 766 οὕτω
680 699 791 786 λέγειν
818 699 903 784 ἐστι’,
935 697 992 767 διὰ
1018 702 1118 768 τοῦτο
1151 703 1255 786 φαίης

92 806 331 892 προσχρῆσθαι
361 803 528 892 δόγμασιν
555 801 758 891 ἀλλοτρίοις,
792 804 991 894 ίρωτηθηση
1017 805 1121 875 πάλιν
1147 803 1255 876 αὐτοῦ

90 914 158 980 τοῦ
180 913 332 980 πιθανοῦ
359 909 422 998 τὴν
449 916 570 981 αἰτίαν.
615 917 646 980 τί
677 912 741 1000 γὰρ
772 909 789 1000 η
819 910 946 998 ψευδὴς
974 913 1055 994 δόξα
1083 913 1142 994 τὰς
1168 914 1281 984 umbe

91 1021 197 1108 μέρος
229 1016 360 1098 ἁπάσας
392 1023 500 1099 αἰτίας
526 1021 760 1107 πιθανωτέρας
792 1024 855 1107 ἔχει
892 1022 951 1106 τῆς
981 1016 1148 1108 ἀληθοῦς,
1178 1019 1253 1092 ἄπι-

92 1126 300 1214 στηθηοιται
323 1126 432 1195 πάντα
456 1146 520 1209 σον
542 1129 582 1195 τὰ
601 1130 669 1195 τῶν
692 1124 939 1215 προβλημάτων
961 1131 1096 1214 βιβλία]
1128 1129 1166 1199 τὸ
1189 1129 1253 1219 μὲν

93 1225 163 1304 οῦν
186 1233 242 1302 διὰ
265 1235 372 1323 μέσον
392 1237 455 1302 τοῦ
478 1231 576 1322 αἰίρος
598 1231 686 1322 όρᾶν
710 1233 793 1322 ἡμᾶς
815 1235 953 1322 ἐναργές
979 1237 1048 1304 ἐστι
1071 1237 1126 1306 καὶ
1150 1241 1254 1307 πᾶσιν

92 1341 386 1432 ὁμολογούμενον,
408 1340 425 1426 ι’,
446 1342 578 1428 ζήτησις
593 1341 628 1410 dl
649 1342 702 1409 ἐπὶ
720 1345 806 1432 mide
824 1348 964 1428 γίνεται,
977 1343 1122 1431 πότερον
1136 1343 1182 1426 ὦς
1196 1346 1253 1414 διὰ

93 1449 185 1519 buon
215 1477 307 1529 τινος
339 1451 441 1538 μίσης
473 1445 538 1517 dud
571 1451 640 1518 τιῦν
671 1445 854 1536 ὁρωμένων
886 1445 1078 1536 ἀφικνεῖταί
1106 1480 1137 1521 τι
1169 1454 1294 1540 πρὸςῑν

97 1555 185 1645 ἡμᾶς
218 1553 236 1644 ἢ
269 1559 426 1625 τοιοῦτον
458 1554 607 1642 ῦργανον
640 1553 658 1624 ὁ
692 1552 756 1642 ἀήρ
787 1558 878 1626 ἐστιν
909 1554 991 1645 ἡμῖν
1019 1563 1068 1640 είς
1094 1557 1157 1644 riv
1183 1585 1253 1628 τιν

94 1663 232 1752 ὁρατῶν
259 1663 459 1750 διάγνωσιν,
488 1657 625 1750 οἷόνπερ
652 1662 689 1731 τὸ
721 1667 843 1750 νιῦρον
871 1669 918 1744 τίς
944 1664 1007 1753 τὴν
1033 1668 1103 1735 των
1130 1663 1254 1736 ἁπτῶν.

94 1781 227 1840 οἴονται
256 1771 320 1859 μὶν
346 1763 411 1838 οὖν
438 1774 474 1838 oi
498 1779 644 1838 πλεῖστοι
678 1771 731 1838 καί
762 1771 819 1838 διὰ
851 1775 914 1841 τοῦ
940 1771 1066 1859 νεῦρον
1096 1771 1160 1860 τὴν
1187 1771 1252 1842 ἀπὸ

93 1883 167 1947 τῶν
183 1878 462 1964 προσπιπτόντων
475 1874 658 1946 ἀλλοίωσιν
671 1873 923 1966 όνοόιὸομίνην
941 1880 991 1946 ἐπί
1012 1879 1050 1948 τὸ
1069 1883 1128 1966 τῆς
1146 1883 1254 1968 ψυχῆς

96 1984 302 2074 ηγεμονιιιὸν
325 1990 373 2065 τίς
391 1983 578 2071 όιόγνωσιν
596 1984 690 2072 ἄγειν
715 1983 800 2072 ἡμᾶς
823 1983 936 2054 αὐτῶν
959 1983 1021 2054 οῦιι
1044 1987 1253 2068 ἐννοοῦντες,
1268 2003 1293 2046 ¹⁵

94 2091 143 2173 ὦς
166 2090 229 2161 οῦκ
256 2087 300 2160 ἂν
328 2091 348 2180 ἡ
376 2095 435 2180 τῆς
462 2089 588 2180 ὀόόνης
615 2101 774 2181 αλσθηοις
801 2095 929 2179 ἐγίνετο
956 2093 1039 2161 κατὰ
1071 2093 1108 2162 τὸ
1136 2094 1254 2183 τεμνό-
1314 2093 1407 2142 ”””

134 2297 151 2346 3
170 2287 203 2346 τὸ
222 2289 317 2416 tipum
335 2289 415 2345 codd.
435 2289 497 2344 edd.
509 2283 593 2374 Ιοῦτω
612 2293 635 2346 λ.
654 2305 718 2356 uos3
742 2287 993 2376 el.'Pr·oll.,p.·90.
1013 2319 1043 2330 ·-
1070 2297 1087 2344 4
1107 2285 1253 2376 ίρωτηθό-

94 2383 177 2418 σεται
195 2361 248 2417 cod
271 2403 276 2415 .
296 2361 359 2416 edd.
384 2357 552 2432 ίριοτηθηαη
577 2377 635 2416 uos.
656 2391 689 2402 ·-
714 2367 728 2415 7
749 2381 824 2415 scer
856 2379 945 2416 αιιτον
970 2361 1051 2416 codd.
1070 2359 1134 2416 edd.
1157 2381 1252 2418 ταντα

94 2455 148 2491 τον
168 2450 227 2489 uos.
248 2463 279 2474 -
302 2439 335 2488 16
355 2427 500 2504 ίηηίηνετο
518 2431 579 2488 ΑΒ.
600 2463 631 2472 -

95 2633 186 2700 salsa
214 2629 339 2698 uteris?
384 2631 422 2698 ln
451 2631 649 2698 contrarium
674 2631 760 2697 eninr
790 2635 847 2696 tue
875 2631 936 2695 tibi
961 2631 1054 2695 caelet
1076 2631 1254 2718 cavillatio,

95 2743 154 2828 qui
193 2739 316 2806 nullum
353 2761 485 2806 causam
519 2745 587 2804 tam
622 2737 782 2804 absurdae
819 2737 1021 2803 decretorum
1059 2739 1253 2806 mutationis

97 2851 230 2931 atteras,
253 2853 290 2912 ut
313 2847 387 2932 plus
411 2846 607 2931 suspicionis
631 2867 762 2912 moveas
782 2869 879 2931 quarn
902 2845 976 2910 iidei
1000 2845 1113 2912 lacius
1149 2847 1252 2934 Atqui

95 2959 124 3022 si
156 2957 249 3021 dicas
278 2959 452 3040 propterea
481 2953 596 3018 alienis
624 2955 656 3018 te
684 2952 731 3017 uti
760 2951 912 3038 decretis,
944 2953 1020 3037 quia
1048 2953 1253 3037 probabilius

96 3065 161 3130 tibi
195 3061 347 3128 uidentur
376 3061 425 3126 ito
457 3059 576 3144 dicere,
608 3059 705 3126 buius
739 3061 841 3145 ipsius
874 3059 1121 3145 probabilitatis
1153 3083 1253 3128 eausa

93 3193 212 3238 rursus
245 3191 283 3233 ex
316 3175 348 3232 te
384 3172 567 3253 quaeretur.
621 3167 707 3232 Nam
746 3169 772 3231 si
804 3165 893 3250 ¹falsa
924 3166 1035 3251 opinio
1069 3167 1252 3255 singulares

92 3301 216 3344 causas
240 3297 352 3342 onmes
376 3273 616 3360 probabiliores
640 3275 740 3340 babet
767 3297 863 3359 quam
892 3295 984 3359 vera,
1007 3273 1159 3340 omnibus
1181 3281 1253 3342 tua·

93 3407 171 3451 rum
195 3383 423 3467 quaestionum
449 3381 543 3447 libris
567 3383 645 3447 tides
665 3380 897 3464 derogabitur?
935 3380 997 3446 Per
1020 3387 1125 3447 adrem
1149 3383 1253 3469 igitur

92 3491 240 3558 medium
269 3511 329 3555 nos
357 3489 462 3555 oculis
490 3511 619 3555 eernere
648 3491 779 3554 evidens
809 3493 859 3554 est
892 3492 989 3574 atque
1022 3489 1107 3554 inter
1139 3511 1251 3556 omnes

91 3605 243 3671 constan
272 3597 328 3662 sed
356 3597 395 3662 de
419 3619 458 3664 eo
486 3597 635 3683 quaestio
660 3603 724 3680 est,
754 3603 860 3662 utrum
884 3601 1052 3682 tamquam
1081 3599 1250 3682 perviam

90 3705 261 3794 quondam
291 3703 432 3770 mediam
460 3727 478 3770 e
510 3707 621 3790 rebus,
651 3727 732 3791 quas
763 3705 939 3788 cernimus,
972 3703 1095 3789 aliquid
1123 3703 1163 3768 nd
1191 3726 1253 3772 nos

96 3813 211 3880 reniet
234 3835 277 3878 nn
301 3812 366 3878 tale
390 3813 643 3878 instrumentum
667 3811 762 3876 uobis
792 3813 836 3876 sil
863 3817 918 3876 air
941 3811 981 3876 ad
1008 3833 1060 3876 res
1083 3810 1252 3896 adspecta·

95 3923 184 3988 biles
207 3919 447 4004 discernendas,
470 3921 565 4006 quale
585 3923 635 3982 est
657 3941 777 3982 nervus
797 3917 837 3982 ud
861 3917 1059 3983 tractabiles.
1102 3918 1252 4004 Plerique

93 4037 208 4096 autem
234 4027 423 4092 existimant
447 4027 547 4092 etium
578 4047 636 4110 per
658 4047 792 4090 nervum
819 4027 1095 4108 immutationem,
1123 4045 1207 4110 quae
1234 4047 1252 4090 e

93 4137 196 4204 rebus
223 4133 446 4198 accidentibus
480 4133 519 4198 ud
552 4133 765 4218 principalem
796 4135 895 4198 animi
925 4141 1052 4218 partem
1081 4133 1253 4217 pertineat,

92 4267 158 4314 uos
183 4241 223 4306 ml
248 4241 484 4328 dignoscendus
508 4265 563 4305 ees
588 4239 759 4320 adducere,
786 4262 851 4306 non
875 4239 1100 4326 intellegentes
1128 4237 1251 4306 doloris

93 4371 229 4418 sensum
254 4349 287 4414 in
312 4341 482 4434 superte,
505 4371 588 4434 quae
611 4349 662 4412 vel
687 4353 816 4412 secatur
839 4347 889 4414 vel
918 4347 1086 4413 colliditur
1112 4347 1162 4412 sel
1187 4347 1251 4413 uri·

150 4465 233 4506 ostem
247 4465 276 4505 do
290 4463 351 4504 rrae.
369 4464 427 4504 l'lst.
440 4467 463 4504 st
478 4463 587 4514 nrppoer.
602 4465 660 4504 libri.
1001 4459 1035 4506 41
