2942 5008
719 313 942 388 ..34-

229 485 342 555 nmen
359 505 476 574 parum
495 481 537 552 ab
557 505 595 552 eo
615 483 716 568 ossib
738 503 817 548 nam
839 481 915 568 plus
937 479 1078 568 triginta
1096 480 1193 568 locis,
1217 479 1347 569 quibus
1370 479 1414 548 M

230 595 315 662 nihil
336 593 463 678 omisit,
485 593 637 660 omisisse
660 589 787 676 aliquid
809 611 883 656 eam
906 590 976 654 iure
999 589 1218 656 insimulabis.
1262 591 1415 658 Posteri

231 707 342 770 autem
367 703 509 768 editores
533 699 693 766 eiusmodi
717 696 800 763 vitia
823 697 858 764 in
877 697 1061 764 orationem
1080 695 1197 764 Galeni
1221 699 1415 785 irrepsisse

230 833 348 897 parum
380 831 478 896 saepe
510 811 689 873 senserunt.
745 805 896 872 Omissoe
927 809 1037 870 aulem
1068 809 1146 870 sunl
1175 807 1328 890 uoculae,
1370 815 1417 872 ut

177 991 182 1002 ,
230 921 301 1002 καί,
328 939 379 1000 τε,
407 940 461 1002 γε,
484 913 538 998 δέ,
561 912 640 1000 μέν,
668 903 748 996 οὖν,
771 907 830 994 ἄν,
854 911 923 996 ἐπί,
946 913 1009 994 είς,
1033 913 1097 994 ἔτι,
1124 913 1182 978 sed
1205 915 1291 980 aliae
1316 938 1415 1002 quo-

230 1047 294 1114 quo
323 1045 429 1092 voces.
479 1022 515 1090 P.
542 1023 608 1090 518
637 1022 698 1088 sub
727 1023 782 1088 lim
809 1015 946 1098 εἰκότως
972 1008 1037 1086 οὖν
1064 1019 1138 1104 εῖδη
1172 1022 1280 1107 ψυχῆς
1306 1017 1413 1088 αὐτὰ

230 1127 475 1218 προσαγορεύει
496 1125 632 1197 sarcire
655 1125 714 1206 τὰς
731 1125 1029 1214 προγεγραμμένος
1051 1123 1164 1212 ῥήσεις
1181 1127 1236 1194 καί
1257 1130 1411 1214 προσέτι

230 1235 357 1318 πολλὰς
380 1235 507 1324 ἑτέρας,
532 1225 581 1304 ὧν
601 1229 663 1302 οὐκ
686 1231 816 1320 ἀνάγκη
834 1231 1063 1321 μνημονεύειν
1081 1233 1230 1320 έναργῶς
1251 1233 1318 1323 ἤόη
1341 1235 1411 1304 ori<

231 1342 363 1414 τούτων
390 1347 449 1431 της
477 1341 612 1430 γνώμης
634 1338 779 1428 τάνὸρὸς
807 1341 1034 1428 ἕγνωσμίνιλςὶ
1068 1345 1227 1410 omissum
1257 1355 1309 1410 est
1343 1349 1417 1411 καί

232 1461 308 1520 onte
332 1449 389 1520 (lui
412 1449 554 1519 τούτων.
598 1451 633 1517 P.
649 1451 723 1516 952
746 1455 823 1536 posl
845 1451 928 1516 mod.
951 1473 1018 1518 uon
1045 1445 1219 1536 legendum
1243 1459 1294 1518 est
1318 1449 1411 1518 ἀπέ-

232 1559 341 1640 δειξεν
360 1555 378 1626 ὁ
398 1554 485 1646 ἀνὴρ
505 1558 542 1626 ἐν
565 1560 610 1648 τῷ
635 1557 811 1646 λογιστικῷ
833 1558 892 1642 τῆς
913 1558 1018 1641 ψυχης
1036 1551 1122 1622 εἶναι
1142 1555 1295 1644 τὰπάθη
1316 1557 1410 1638 τούς

224 1664 367 1754 ’θυμοὺς
393 1665 449 1734 καί
477 1663 558 1744 τοὺς
585 1662 716 1751 φόβους
742 1663 797 1730 καί
826 1661 885 1743 τὰς
912 1661 1034 1743 λύπας,
1061 1667 1118 1732 sod
1140 1661 1181 1732 τά
1209 1663 1303 1750 πάθη
1330 1667 1405 1732 καί

231 1771 312 1854 τοὺς
333 1773 469 1861 θυμοὺς
491 1800 520 1842 κ.
542 1799 571 1840 τ.
592 1779 636 1840 λ..
665 1774 750 1858 ιμιοιΙ
779 1772 813 1838 M
840 1779 990 1838 testatur.
1040 1774 1074 1838 P.
1098 1775 1162 1838 699
1187 1773 1270 1838 mul.
1293 1776 1407 1840 τοῦτο

231 1879 319 1971 (lega
342 1881 460 1972 ταῦτα)
485 1871 548 1948 οὖν
572 1876 590 1946 ὁ
616 1877 761 1946 Πλάτων
786 1874 848 1946 οὐκ
871 1875 1016 1964 ἀκριβῶς
1035 1882 1122 1962 ἔγνω
1145 1881 1203 1964 της
1220 1874 1408 1966 Ἱπποκρά·

230 2013 310 2068 τους
336 1987 453 2075 τέχνης
480 1991 588 2056 καίτοι
615 1985 821 2072 πειρώμενος
852 1986 988 2054 ἕπεσθαι
1023 1981 1140 2070 τάνδρὶ
1171 1985 1224 2053 καί
1256 1989 1403 2072 προσέτι

230 2119 268 2182 γε
291 2095 367 2182 περὶ
390 2099 452 2164 τοῦ
474 2097 597 2163 λευκοῦ
620 2095 823 2180 φλέγματοςι
852 2097 932 2161 udde
957 2118 1031 2161 cum
1055 2095 1090 2160 M
1119 2094 1174 2162 καί
1204 2105 1279 2164 unte
1307 2105 1407 2180 περί.

231 2203 268 2271 Ρ.
293 2205 357 2270 ’166
380 2206 424 2270 in.
448 2205 562 2289 δηλῶν
585 2198 628 2269 οὐ
645 2201 755 2288 μόνον
775 2206 821 2280 είς
844 2200 1014 2288 ἰατρικόν,
1038 2198 1122 2268 ἀλλὰ
1140 2202 1196 2268 καί
1214 2199 1273 2282 κάς
1291 2201 1406 2283 ἄλλως

231 2307 348 2398 τέχνας
367 2309 563 2378 ἐκτετάσθαι
582 2307 619 2377 τὸ
641 2311 769 2398 σκέμμα
787 2307 850 2395 τὴν
863 2307 963 2376 λύσιν
977 2306 1098 2388 αὐτούς
1118 2312 1190 2396 lege
1209 2309 1246 2376 τὸ
1263 2311 1405 2398 σκέμμα

231 2416 296 2484 καί
319 2415 383 2504 τίην
406 2415 506 2486 λόσιν
529 2413 644 2486 αὐτοῦ.
668 2455 711 2466 -
735 2419 768 2484 Ρ.
789 2420 854 2484 384
878 2420 938 2484 sub
963 2420 1016 2484 lin.
1040 2414 1147 2496 οὕτως
1169 2413 1313 2504 εὑρίσκω
1340 2421 1400 2486 καί

231 2522 269 2592 τὸ
294 2521 438 2611 ἄλογος
462 2523 516 2614 (cf.
537 2527 608 2594 adn.
623 2528 681 2608 43)
706 2522 814 2610 ὄνομα
832 2523 922 2610 παρά
941 2549 978 2592 τε
1003 2539 1072 2605 τοῖς
1092 2532 1248 2614 παλαιοῖς
1268 2523 1405 2596 ἅπασιν

231 2631 411 2720 εἰρημένον
436 2628 501 2700 ὑπό
525 2659 559 2700 τε
582 2635 650 2700 τῶν
672 2634 734 2698 νῦν
757 2628 952 2720 ἀνθρώπων
975 2631 1160 2718 λεγόμενον
1177 2657 1237 2701 uos
1260 2643 1403 2702 auctore

232 2741 267 2808 bl
299 2742 505 2808 restituimus
539 2757 572 2807 er
601 2766 635 2807 τε
668 2748 743 2826 post
776 2737 865 2824 πιιρά
899 2743 1079 2807 inserentes
1113 2758 1144 2806 et
1178 2736 1300 2826 ἄλογος
1332 2767 1401 2828 pro

232 2843 360 2934 ἀλογον
383 2849 573 2915 scribentes.
610 2849 723 2914 Etium
742 2871 773 2934 p.
792 2850 857 2914 525
882 2855 958 2934 post
977 2851 1021 2914 iu.
1040 2873 1115 2914 cum
1133 2849 1169 2916 M
1187 2850 1402 2934 scripsimus:

232 2949 448 3043 ὦμολόγηταί
471 2980 510 3022 τε
537 2967 608 3033 τοῖς
635 2950 851 3040 ἀνατομικοῖς
877 2950 1022 3040 άνὸράσι
1050 2955 1103 3021 καί
1137 2957 1305 3023 δείκνυται
1337 2957 1400 3024 καὶ

231 3059 316 3147 πρὸς
350 3057 459 3148 ἡμῶν,
498 3077 530 3129 ot
562 3087 592 3150 p.
626 3063 691 3128 993
726 3078 801 3129 unte
835 3064 918 3129 mul.
955 3063 1200 3130 πλεονεκτοῦσα
1233 3059 1265 3128 δ’
1303 3060 1402 3150 ὅμως

232 3165 420 3256 ψυχρότητί
444 3194 483 3236 τε
510 3169 564 3236 καὶ
595 3167 759 3255 ξηρότητι.
808 3170 876 3236 Nec
906 3171 1129 3238 dubitavimus
1156 3195 1188 3258 p.
1216 3173 1280 3238 (iili
1310 3175 1400 3240 med.

232 3279 377 3346 codicem
404 3277 440 3344 M
468 3279 572 3345 seculi
600 3277 810 3365 postiurno
834 3277 1035 3344 Posticulum
1064 3303 1100 3364 γε
1129 3281 1271 3345 inserere
1294 3290 1400 3366 alque

233 3385 389 3452 scribere:
409 3379 451 3451 οὐ
469 3383 508 3472 μί
519 3411 538 3450 ν
556 3379 627 3450 κατ’
646 3383 755 3452 ε’κείνά
771 3409 810 3468 γε
826 3379 887 3450 τὸν
902 3384 977 3468 περί
992 3387 1060 3452 τῶν
1076 3385 1275 3471 νοσημάτων
1288 3385 1400 3472 λόγον

233 3489 429 3576 ἐποιήσατο,
453 3499 486 3558 et
509 3494 709 3558 Posticulum
734 3491 774 3558 ὀί
795 3517 825 3578 p.
849 3495 913 3558 2139
943 3495 1025 3559 mod.
1054 3496 1088 3560 in
1114 3496 1263 3562 oratioue
1286 3495 1398 3582 Chry·

232 3601 321 3687 sippi
349 3598 403 3666 καλ
432 3597 472 3668 τὰ
501 3603 569 3667 τῶν
597 3595 822 3684 ὀργιζομένων
850 3597 891 3666 bi
920 3598 1198 3684 πάθη-φαίνεται
1228 3601 1302 3684 περὶ
1332 3601 1399 3672 τὸν

231 3705 373 3792 θώρακα
401 3705 600 3794 γιγνόμενοι,
631 3717 662 3773 ut
692 3733 722 3794 p.
746 3711 810 3773 iin‘n'
840 3709 883 3774 iu.
912 3709 969 3774 ἴνα
997 3703 1061 3794 γάρ
1089 3703 1107 3776 ό
1131 3707 1231 3794 λόγος
1260 3706 1399 3798 ι’γγεμτόν

232 3813 339 3900 ἐστιν,
360 3809 378 3902 ἢ
399 3811 498 3901 ἀρετὴ
515 3815 621 3882 ἕπεται
647 3809 663 3901 η
680 3809 872 3900 ἀμάρτημα.
896 3811 1007 3893 πάθος
1025 3809 1057 3880 ὸ’
1079 3811 1248 3884 οὐδέποτε.
1277 3819 1312 3886 P.
1326 3823 1396 3888 lii

234 3927 310 4007 posi
329 3924 412 3990 med.
430 3921 494 4008 μέν
511 3936 586 4010 post
606 3919 838 4008 ἀποχωρήσειν
857 3927 891 3990 iu
911 3927 940 3990 A
963 3925 1121 3990 ‹uirissum
1140 3949 1211 3991 esse
1230 3927 1326 3994 docet
1344 3929 1397 4000 M:

233 4029 339 4094 scribo
367 4031 483 4116 igitur:
513 4031 608 4097 ἕνεκα
640 4028 704 4116 γὰρ
732 4033 793 4096 roi·
825 4029 869 4118 μίη
903 4037 1127 4118 μακρολογεῖν
1160 4027 1398 4120 ἀποχωρήσειν

232 4130 303 4219 μὶν
336 4137 423 4220 ἔφην
454 4140 523 4202 τῶν
551 4134 663 4205 ἀλλων
694 4141 871 4211 Στωϊκῶν,
904 4137 1070 4220 ἐξετάσειν
1102 4139 1279 4228 ηέξετάζειν
1311 4144 1396 4213 MA»

233 4237 270 4306 bi
293 4235 383 4328 μόνα
404 4241 445 4309 τὰ
471 4249 678 4328 Χρυσίππου.
730 4247 762 4312 l’.
787 4249 852 4312 uls»
882 4249 923 4313 iu.
951 4249 1042 4314 locus
1070 4255 1103 4314 el
1130 4251 1396 4336 interpunctione

233 4371 335 4434 pruvn
363 4357 395 4417 el
428 4353 503 4418 aliis
533 4355 657 4420 mendis
686 4355 836 4421 foedatus
869 4357 916 4421 sic
948 4379 966 4422 n
996 4357 1093 4424 nobis
1125 4359 1297 4424 restitutus
1329 4374 1396 4428 est:
