2976 5028
685 309 933 378 ..292-

231 475 313 554 δοῦς
336 477 435 541 idion.
489 467 573 541 ιίλλίι
606 475 710 540 ταῦτα
737 469 799 558 μὶν
829 469 868 538 έν
898 485 969 551 τοῖς
998 471 1116 559 ἐφεξῆς
1142 467 1161 539 ὁ
1194 469 1381 558 Χρύσιππος

230 579 328 667 λέγει.
367 577 490 669 μεταξὺ
513 579 549 648 ὑὲ
572 579 695 666 ταύτης
717 583 777 666 τῆς
798 605 834 646 τε
858 583 923 648 νῦν
940 581 1171 666 γεγραμμένης
1189 580 1310 666 dejoco,-
1326 579 1380 646 καί

230 679 271 776 τίς
293 685 411 775 ὀλίγον
434 693 627 777 ἔμπροσθεν
645 691 775 774 ἔγραψα
793 687 869 774 περὶ
887 691 956 754 τῶν
974 692 1157 774 γυναικῶν,
1181 689 1273 774 ἑτέρα
1290 689 1383 772 diois

230 796 338 881 ἐστιν,
368 791 409 884 ἣν
434 793 497 882 ίίση
525 793 735 882 παραγράψω
762 795 848 882 πρὸς
872 794 910 864 τὸ
934 795 1042 883 ,sopio
1065 792 1383 882 &aestuquaesuo

203 907 361 972 sonoro:
383 908 449 990 ἔχει
474 901 511 970 dt
534 893 614 972 uide·
638 905 786 983 ‘roomo
809 904 846 970 di
866 899 1065 982 ἀκολούθως
1083 900 1221 988 ἆνεμεῖν
1242 905 1279 972 τέ
1292 903 1385 982 τινιίς

231 1013 355 1100 ’φαμεν
372 1010 413 1080 τίι
432 1010 582 1099 φανέντα
601 1007 716 1090 αὐτοῖς
737 1010 792 1079 καί
813 1015 857 1079 ἔτι
878 1009 940 1079 τὸν
962 1010 1078 1096 βαθὺν
1096 1013 1237 1100 λέγομεν
1254 1017 1385 1080 πολλῶν

231 1117 408 1188 ’τοιούτων
426 1117 617 1206 συμφώνως
633 1131 704 1197 τοῖς
727 1118 927 1205 εἰρημένοις·
951 1119 1167 1198 καταπιόντες
1185 1117 1249 1206 γὰρ
1267 1117 1385 1206 ὅμοιον

231 1229 367 1312 ‘edacem
390 1225 440 1296 ὅτι
460 1223 567 1314 ἡμέρα
586 1227 667 1312 ἐστι’,
690 1227 745 1294 καί
770 1226 1015 1312 έναιτοθέμενοι
1038 1229 1138 1296 τοῦτο
1161 1231 1210 1308 εἰς
1231 1224 1294 1314 τίην
1315 1225 1387 1294 dcci-

231 1337 345 1404 ‘vocuo
362 1335 416 1403 καί
436 1334 539 1404 πάλιν
561 1335 669 1403 έκεῖνο
689 1335 851 1420 λέγοντες,
875 1331 926 1402 ὅτι
946 1331 1008 1402 οὐκ
1027 1339 1118 1403 ἔστιν
1134 1332 1251 1422 ἡμέρα,
1269 1333 1387 1422 μενιίν-

192 1467 218 1504 10
232 1445 312 1512 ‘roa
334 1446 402 1512 τῶν
423 1439 638 1530 πραγμάτων,
661 1439 723 1510 οὐκ
745 1439 928 1527 ἀλλοτρίως
951 1438 1031 1510 οὐόὲ
1055 1439 1231 1522 &vuantos
1252 1440 1387 1530 ιίνεμεῖν

232 1551 419 1637 ’λέγονταιέ
473 1553 573 1618 τοῦτο
604 1548 641 1618 τὸ
670 1545 807 1636 ἆνεμεΐν
838 1548 902 1636 έγώ
931 1549 993 1638 μέν
1018 1545 1105 1629 Ιοιίὸὶ
1141 1549 1268 1638 ἤκουσά
1296 1578 1388 1630 τινος

231 1659 399 1745 λέγοντος,
423 1655 507 1726 ἀλλὰ
530 1665 659 1746 μᾶλλον
682 1654 870 1726 ἀποπτύσαι
894 1658 950 1724 καί
974 1657 1132 1726 έκτιτύσαι
1157 1660 1212 1726 καί
1238 1661 1388 1746 ἐκβαλεῖν

231 1766 287 1834 καί
311 1761 495 1854 ἀπορρῖψαι
518 1767 572 1832 καί
597 1763 787 1833 ἀποθέσθαι
814 1767 987 1851 λέγουσιν,
1011 1765 1148 1834 ε’τιειὸίιν
1170 1769 1296 1853 λέγωσί
1313 1795 1388 1835 τινα

232 1875 343 1954 δοξῶν
373 1869 559 1960 ιίποστηναι
600 1877 795 1960 μοχθηρῶν.
848 1879 880 1942 εἰ
911 1872 948 1942 δὲ
984 1871 1050 1959 ίίριι
1082 1876 1137 1942 καί
1169 1873 1207 1944 τὸ
1241 1877 1387 1964 ἐξεμέσαι

192 2003 219 2044 ιο
231 1981 363 2067 λέγοιτο
386 1979 470 2067 πρός
490 2007 611 2065 τινων,
639 1990 690 2068 εἰη
714 1977 758 2050 ἄν
780 1978 905 2050 ταύτὸν
926 1985 973 2074 τῷ
998 1979 1185 2050 ἀποπτύσαι
1208 1984 1264 2050 καί
1288 1979 1389 2070 ιίκορ·

232 2101 327 2172 orpus
353 2089 406 2156 καί
435 2103 507 2168 τοῖς
536 2087 650 2169 ίίλλοις
676 2103 747 2167 τοῖς
775 2090 810 2156 έκ
833 2093 1024 2177 μεταφοραῖς
1051 2091 1245 2177 λεγομένοις
1267 2088 1390 2179 ὁμοίως

270 2264 353 2325 bada
372 2264 471 2340 βαθύν
489 2268 570 2324 codd.
594 2269 657 2324 edd.
675 2263 741 2324 τινίι
761 2271 786 2341 β.
805 2267 885 2326 Corn.
906 2299 940 2310 -
970 2264 1017 2324 lut
1036 2273 1102 2324 aute
1121 2271 1231 2326 πολλῶν
1254 2272 1390 2328 excidisse

234 2342 353 2398 uidetur.
372 2371 406 2383 -
429 2349 462 2396 14
479 2336 512 2396 τὸ
533 2337 663 2412 ἐξεμέσαι
684 2342 765 2398 codd.
784 2341 862 2408 edd.;
881 2357 918 2396 au
937 2335 969 2396 td
988 2336 1128 2412 drepidas
1148 2335 1164 2411 ἢ
1185 2339 1338 2414 despicus?
1358 2375 1389 2385 -

233 2531 285 2589 est
315 2523 494 2590 iracundia.
550 2521 626 2597 Sed,
643 2523 724 2589 haec
753 2521 957 2609 Chrysippus
990 2523 1026 2590 iu
1058 2525 1272 2610 sequentibus
1304 2525 1392 2592 dicit

233 2633 324 2699 Inter
340 2631 425 2697 hauc
444 2653 532 2716 vero,
555 2653 655 2716 quam
673 2631 770 2697 modo
790 2631 1035 2717 adscripsimus,
1054 2632 1239 2699 orationem
1258 2639 1293 2700 et
1310 2657 1392 2719 earn,

233 2759 331 2826 quam
360 2739 460 2825 paulo
488 2742 565 2802 onte
593 2739 706 2803 rettuli
729 2739 769 2804 de
792 2739 999 2824 mulieribus,
1021 2740 1088 2806 alio
1111 2741 1271 2826 tpiisedom
1295 2743 1392 2809 inter-

234 2846 329 2930 cedit,
351 2869 459 2932 quam,
476 2867 517 2910 ue
536 2844 650 2912 ridear
668 2845 845 2931 quidquam
864 2848 998 2914 omnino
1018 2849 1291 2936 praetermisisse,
1307 2873 1392 2918 nune

234 2954 433 3038 adscribam3
466 2953 566 3018 rerba
598 2953 679 3018 liaeo
707 2959 797 3019 sunt:
850 2953 936 3020 ‘His
965 2978 1055 3022 vero
1087 2961 1391 3026 cousentaneum

235 3067 308 3144 est,
337 3083 420 3127 cum
448 3060 613 3127 dicimus
641 3063 826 3148 quosdam
855 3085 1046 3146 evomere,
1077 3085 1172 3149 quac
1200 3065 1281 3132 sibi
1304 3069 1392 3134 viss

234 3169 396 3254 suerint3
424 3169 518 3234 item
547 3169 586 3234 iu
609 3169 740 3255 aliquo
769 3170 1022 3238 altitudinem
1050 3171 1239 3258 quandam
1270 3173 1391 3240 animi

235 3277 369 3344 inesse
392 3277 433 3342 iu
455 3277 590 3342 multis
614 3277 807 3343 eiusmodi
831 3279 945 3345 rebus
968 3279 1133 3346 dicimus
1157 3282 1393 3348 convenien-

235 3391 298 3451 ter
319 3385 384 3467 iis,
407 3407 505 3470 quse
523 3384 708 3452 diximus:
731 3409 816 3452 num
836 3409 933 3472 cum,
956 3387 993 3452 id
1017 3387 1117 3474 quod
1134 3387 1266 3454 simile
1285 3390 1392 3457 dictu

236 3499 310 3578 est,
350 3493 450 3558 diem
488 3515 573 3556 esse
614 3493 891 3560 devoravimus
929 3498 1044 3581 atque
1081 3497 1121 3560 in
1157 3500 1285 3562 mente
1322 3497 1392 3564 boc

237 3599 541 3674 recondidimus,
563 3605 704 3688 postes
728 3603 842 3667 rebus
866 3603 1015 3688 eodem,
1037 3626 1111 3689 quo
1133 3603 1257 3690 prius,
1282 3605 1393 3673 modo

237 3729 276 3772 se
295 3707 532 3774 habentibus
552 3708 651 3774 diem
665 3732 742 3774 uon
755 3733 840 3774 esse
859 3712 1119 3794 affirmamus,
1136 3733 1210 3777 non
1226 3711 1394 3780 absurde

236 3837 361 3902 neque
385 3817 607 3901 improprie
631 3839 806 3882 evomere
830 3818 866 3883 id
891 3817 1080 3884 dicimur?
1124 3817 1291 3904 Equidem
1314 3819 1394 3888 illud

238 3945 386 3988 evomere
409 3945 450 3988 ue
468 3923 578 3989 moliri
597 3925 728 4010 quidem
747 3947 944 4011 quemqnam
962 3927 1133 4011 dicentem,
1155 3927 1213 3992 sed
1230 3949 1395 4016 respuere,

238 4051 403 4115 exspuere,
425 4031 539 4104 eicere,
562 4033 692 4100 reicere.
714 4033 875 4118 deponere
894 4035 1016 4104 dicum.
1038 4059 1112 4101 eum
1131 4035 1247 4102 volunt
1268 4039 1395 4126 signifi·

239 4159 313 4202 care
340 4159 361 4202 s
387 4139 498 4222 pravis
526 4141 736 4223 opinionibus
765 4143 907 4228 aliquem
930 4144 1088 4210 recedere.
1138 4144 1263 4220 Quodsi
1293 4147 1394 4212 etium

239 4265 389 4310 evomere
424 4269 444 4309 o
480 4247 676 4332 quibusdam
708 4251 885 4327 ‹lie-eretur.
919 4275 988 4320 nou
1023 4253 1124 4318 eliam
1156 4253 1223 4318 vim
1254 4252 1393 4322 baberet

240 4371 339 4434 quom
361 4374 511 4437 respuere
535 4363 567 4420 et
592 4357 713 4422 reicere
737 4374 835 4446 utque
858 4361 990 4446 ceteris,
1016 4383 1101 4446 quue
1123 4383 1183 4448 per
1204 4363 1394 4430 numiano
