2992 5034
708 423 999 540 «no--¹

245 631 348 716 αὐτὸς
374 631 393 704 ὁ
421 632 568 704 Πλάτων
595 638 717 722 φησίν,
745 629 890 721 ὀνόμασι
917 630 1083 720 χρώμενοι
1112 635 1237 714 καινῶς
1263 657 1391 722 petaso·

245 742 441 832 γινομένοις,
464 740 521 810 διὰ
545 739 606 822 οὓς
628 767 686 830 μοι
711 746 806 810 δοκεῖ
825 740 881 810 καὶ
907 744 972 808 νῦν
995 738 1056 829 οὐχ
1084 743 1123 809 ἐν
1145 736 1259 822 ἁπλῶς
1280 739 1391 829 γράλτιι

177 849 329 928 issent&
351 849 414 921 τὸν
435 855 658 938 προκείμενον
682 851 687 936 Ι
712 848 817 936 λόγον
840 847 960 937 ὄνομα,
982 847 1174 936 χρήσασθαι
1204 847 1241 916 οὲ
1264 849 1393 934 ἐξεπίτη-

247 962 304 1041 δες
325 957 462 1044 ἅπασιν,
485 951 537 1038 οἷς
559 957 700 1044 ἐγχωρεῖ
714 953 841 1026 ταύτὸν
860 960 1010 1044 δηλῶσαι
1032 957 1180 1045 πρᾶγμα.
1215 959 1261 1048 τῷ
1283 981 1317 1024 τε
1338 953 1393 1042 γάρ

218 1063 427 1156 εόρέγεσθαι
445 1066 500 1133 καὶ
525 1069 572 1158 τῷ
592 1065 773 1153 ἐπιθυμεῖν
786 1065 841 1132 eci
856 1067 902 1156 cpi
923 1065 1080 1150 ἐφίεσθαι
1102 1063 1158 1130 καὶ
1176 1067 1223 1156 τῷ
1241 1063 1395 1132 ἐπινεύειν
1473 1097 1475 1108 <

246 1174 471 1264 ε’πορέγεσθαί
495 1199 530 1242 τε
559 1172 615 1242 καὶ
644 1173 760 1240 θέλειν
788 1171 843 1240 καὶ
872 1169 1059 1260 βούλεσθαι
1088 1171 1144 1238 καὶ
1176 1169 1394 1258 προσάγεσθαι

152 1347 157 1352 .
245 1281 301 1352 καὶ
324 1283 438 1370 μέντοι
462 1282 517 1350 καὶ
540 1295 612 1361 τοῖς
634 1281 801 1360 ἐναντίοις
818 1275 932 1348 αὐτῶν
955 1279 1008 1348 ἐπὶ
1030 1282 1093 1348 τοῦ
1117 1277 1194 1359 ἑνὸς
1214 1276 1396 1367 πράγματος

121 1414 132 1433 ⁸
245 1387 601 1478 φαίνεταιζχροάμενος,
622 1391 668 1481 τῷ
688 1385 849 1474 ἀβουλεῖν
866 1388 921 1455 itai
945 1387 991 1475 μὴ
1015 1387 1157 1456 ἐθέλειν.
1194 1386 1397 1468 ἐνθειξασθαι

246 1495 312 1586 γὰρ
339 1494 430 1590 αὐτῷ
457 1495 628 1586 πρόκειται
655 1495 710 1562 καὶ
740 1498 890 1582 δηλῶσαι
918 1499 1048 1583 σαφῶς,
1080 1491 1098 1564 ὃ
1128 1492 1302 1581 βούλεται,
1332 1495 1398 1582 περὶ

207 1632 233 1670 ro
246 1603 310 1693 τὴν
333 1601 507 1687 ἀπόδειξιν
530 1601 752 1672 ἐσπουδακότι
775 1603 830 1670 καὶ
851 1600 1047 1671 δουλεύσαντι
1073 1600 1213 1692 διά-τῆς
1231 1604 1346 1686 λέξεως
1364 1629 1398 1692 ιγ

247 1709 391 1801 μηνύσει
414 1715 476 1782 τοῦ
494 1703 698 1800 πράγματος,
722 1707 764 1778 οὐ
783 1711 1038 1802 τερθρευομεύῳ
1062 1709 1136 1798 περὶ
1154 1708 1216 1792 τὰς
1233 1709 1399 1800 συλλαβάς.

248 1820 284 1888 ἐν
305 1819 369 1909 μὲν
392 1818 435 1908 δὴ
459 1824 528 1890 τεάν
555 1819 808 1906 προειρημένων
836 1819 951 1916 ἕτερον
979 1819 1124 1899 ἐπέδειξε
1150 1816 1188 1886 τὸ
1218 1820 1399 1907 ἐπιθυμοῦν

247 1930 310 1996 τοῦ
331 1929 558 2015 λογιζομένου.
594 1923 830 2013 παραγράφειν
852 1924 917 2013 γὰρ
941 1922 1071 2006 ἁπάσας
1090 1920 1198 1994 αὐτοῦ
1219 1924 1280 2006 τὰς
1296 1925 1400 2014 ῥήσεις

247 2033 379 2126 μακρὸν
411 2035 508 2118 ἔδοξέ
536 2061 604 2123 μοι,
637 2031 829 2120 θυνάμενόν
862 2059 898 2122 γε
929 2034 1030 2102 παντὶ
1061 2037 1107 2126 τῷ
1141 2035 1337 2126 βουλομένῳ
1365 2031 1399 2100 τὸ

199 2129 240 2211 ἰε’
249 2143 368 2232 ἐφεξῆς
391 2140 480 2212 ἅπαν
504 2131 698 2229 ἀναγνοίναι
721 2145 783 2211 τοῦ
806 2147 942 2228 βιβλίου
965 2148 1100 2230 χωρίον.
1145 2146 1177 2210 εἰ
1203 2140 1242 2210 dt
1269 2141 1323 2210 aci
1344 2139 1400 2228 τὴν

162 2277 178 2340 ¹·
249 2252 302 2321 ἐπὶ
324 2254 384 2339 τῆς
405 2252 559 2338 τελευτῆς
581 2247 665 2318 ὅλου
687 2252 750 2317 τοῦ
772 2249 878 2337 λόγου
902 2250 973 2319 θέοι
992 2249 1211 2338 παραγράψαι
1230 2251 1340 2338 ρῑγσιν,
1361 2245 1401 2328 ὡς

286 2439 300 2488 1
320 2429 411 2492 κενῶς
431 2447 484 2516 pro
506 2429 662 2512 ναινῶςνῑι.
683 2459 716 2469 -
740 2429 902 2516 3γρῇσθοιι
920 2429 951 2484 L.
975 2459 1009 2470 -
1032 2427 1082 2483 aci
1108 2423 1241 2498 ἐπίτηδες
1262 2445 1313 2501 pro
1331 2424 1401 2496 ἐξετ,

249 2503 280 2559 L.
301 2532 337 2545 -
355 2507 371 2557 θ
390 2521 488 2557 νευειν
501 2499 642 2556 ancta.
658 2531 691 2542 -·
712 2508 728 2557 8
747 2521 785 2575 τῳ
805 2504 940 2572 αβουλεῖν
954 2501 1005 2556 καὶ
1018 2497 1056 2572 μὴ
1073 2495 1189 2556 ἐθέλειν
1206 2503 1325 2559 fortasse
1342 2508 1402 2572 post
1477 2509 1478 2558 i

249 2581 309 2640 τοῖς
333 2567 475 2636 ἐναντίοις
497 2567 594 2628 αὐτῶν
618 2572 815 2628 collocandum
834 2577 885 2628 est.
909 2603 943 2614 —
968 2579 984 2628 9
1004 2575 1129 2628 soliacus
1174 2589 1204 2628 ro
1224 2571 1301 2645 βοάλ.
1320 2573 1348 2629 Is.
1372 2603 1401 2614 ·-

252 2653 285 2704 14
304 2642 455 2716 δυναμένα
469 2644 526 2700 Lm
545 2643 697 2714 δυναμένα)
716 2643 848 2700 nacha
867 2640 1031 2716 δυνάμενον
1050 2661 1114 2711 υοορ
1162 2646 1281 2716 .Progr.
1296 2645 1328 2712 ll,
1341 2651 1366 2712 9,
1380 2651 1401 2699 t.

249 2749 284 2760 -
305 2725 339 2774 lt
359 2709 426 2773 ὅλου
444 2733 496 2788 pro
515 2711 590 2788 ὁμοῦ
609 2701 700 2785 (codd.
719 2715 794 2785 cdd.)
814 2717 895 2772 Corn.
916 2747 949 2758 -
968 2711 1153 2794 προσγράψαι
1170 2717 1201 2772 L.
1222 2747 1257 2759 —

151 2891 162 2902 ’
250 2925 330 2970 sana
358 2922 398 2968 ex
420 2899 587 2966 veteribus
612 2899 713 2964 etiam
740 2920 808 2966 non
834 2899 932 2984 pauci
960 2899 1171 2984 exstiterant,
1200 2899 1271 2986 qui,
1299 2897 1404 2966 utsii

235 3009 363 3096 -Plato,
390 3005 552 3076 vocabula
579 3028 664 3073 nova
695 3007 870 3073 immutata
897 3011 1107 3094 usurparent,
1141 3029 1281 3094 quorum
1314 3029 1404 3074 causa

252 3117 350 3184 Plato
378 3115 412 3182 in
441 3115 614 3202 proposita
644 3115 793 3181 oratione
821 3137 888 3182 non
914 3137 1017 3182 unum
1051 3115 1247 3202 simpliciter
1275 3115 1403 3182 verbum

250 3223 425 3312 scripsisse
448 3221 531 3290 mihi
555 3223 696 3306 videtur,
720 3221 776 3288 scd
801 3221 954 3290 omnibus
982 3243 1021 3288 ex
1044 3219 1208 3288 industria
1230 3245 1309 3290 usus
1331 3243 1405 3304 esse,

251 3317 372 3420 quibas
396 3331 508 3398 eadem
532 3352 584 3396 res
613 3329 793 3417 significari
816 3337 938 3416 posset.
983 3329 1072 3396 Nam
1101 3333 1256 3416 appetere
1284 3333 1317 3396 et
1339 3351 1405 3396 con·

252 3441 420 3527 cupiscere
453 3443 487 3504 et
519 3443 670 3526 expetere
700 3443 732 3503 et
763 3437 904 3504 adnuere
937 3443 970 3506 et
1000 3441 1134 3524 captare
1167 3441 1201 3504 et
1232 3443 1347 3525 optare
1377 3441 1406 3502 et

111 3563 128 3570 “
195 3585 201 3592 -
239 3549 337 3615 selle
357 3552 391 3614 et
408 3569 535 3614 sumere
555 3551 589 3612 at
606 3567 685 3613 vero
702 3545 822 3613 borum
842 3547 1017 3633 contraria,
1039 3569 1105 3614 non
1124 3550 1241 3634 optare
1259 3553 1294 3614 et
1314 3547 1406 3628 nolle,

252 3679 328 3724 cum
346 3657 381 3722 in
399 3677 464 3721 ana
483 3655 659 3741 eademque
678 3675 713 3719 re
732 3653 853 3720 dixisse
872 3654 1085 3722 manifestum
1103 3657 1163 3722 ast
1199 3653 1405 3742 Propositum

124 3747 129 3754 ‘
253 3765 340 3832 enim
375 3763 405 3829 ei
443 3766 527 3847 erat,
559 3761 636 3849 qaid
674 3761 788 3846 vellet,
826 3763 997 3830 ostendere
1030 3765 1206 3848 aperteque
1238 3763 1407 3844 declarare,

252 3873 375 3960 quippe
407 3871 464 3958 qai
500 3871 535 3937 in
568 3869 847 3938 demonstratione
878 3869 1063 3938 elaboraret
1099 3869 1309 3957 studeretque
1343 3891 1407 3938 rem

252 3980 363 4048 verbis
386 3979 618 4066 interpretari,
639 4001 706 4046 non
729 3979 876 4064 syllabas
907 3979 1018 4065 inopia
1046 3977 1212 4065 aucupari.
1257 3979 1407 4048 Oratione

253 4089 366 4177 igitu'r,
390 4109 488 4176 qaam
507 4109 607 4174 supra
626 4087 870 4172 adscripsimus,
888 4087 931 4172 id,
954 4087 1041 4173 quod
1060 4087 1286 4174 ratiocinatur,
1309 4089 1407 4156 diver·

254 4219 327 4262 sum
351 4197 393 4262 ab
417 4217 466 4282 eo,
488 4196 573 4282 quod
598 4195 810 4281 concupiscit,
833 4218 904 4262 esse
928 4195 1080 4262 ostendit
1116 4193 1203 4262 Nam
1227 4195 1408 4264 universam

254 4305 324 4370 eius
344 4303 527 4370 orationem
546 4303 731 4369 adscribere
750 4304 887 4392 longum
906 4326 977 4369 csse
996 4303 1083 4388 duxi,
1101 4325 1174 4370 cum
1192 4303 1293 4371 liceat
1310 4304 1408 4372 cuivis

142 4501 147 4510 ¹
255 4410 378 4478 solenti
402 4413 509 4478 totum
533 4411 622 4478 illias
642 4411 729 4497 libri,
753 4413 809 4498 qui
829 4411 983 4499 sequitur,
1007 4411 1116 4480 locum
1135 4412 1252 4500 legere.
1289 4413 1409 4490 Quodsi

255 4539 339 4604 eam,
360 4541 444 4608 quae
467 4519 502 4586 in
525 4521 588 4587 fine
611 4519 714 4588 totius
734 4521 823 4588 illius
843 4521 1077 4608 disputationis
1095 4519 1269 4610 invenitur,
1292 4525 1407 4592 oratio
