2976 5028
684 245 931 316 -324-

224 406 390 496 σταμένας
417 403 474 476 διὰ
504 404 566 475 τὸν
593 403 698 494 λόγον
726 410 773 488 εἰς
799 405 837 476 τὸ
866 403 1019 494 φανερὸν
1048 401 1271 494 ἐκφερόμενοέ
1297 431 1400 486 τινες

223 513 400 602 λόγοιόιόι
423 517 483 604 τῆς
504 519 651 604 κεφαλῆς
674 517 810 596 ἐξιᾶσιν.
855 517 924 582 ἔστι
954 511 1018 601 γὰρ
1046 513 1103 582 καὶ
1134 511 1171 582 τὸ
1196 512 1305 601 στόμα
1328 517 1399 602 τῆς

223 625 371 712 κεφαλῆς
393 621 525 712 μόριον.
571 618 613 692 ού
641 621 707 710 γὰρ
730 622 766 692 τὸ
791 622 1036 710 τετριχωμένον
1058 619 1185 709 μόνον,
1213 616 1298 688 ἀλλὰ
1331 621 1398 690 καὶ

222 729 261 800 τὸ
288 731 370 820 μετὰ
398 727 460 800 τὸν
486 727 656 818 τράχηλον
683 727 820 798 ἄνωθεν
848 727 939 798 ἅπαν
966 726 1194 817 ὀνομάζεσθαι
1222 728 1399 816 κεφαλήν,

189 834 303 908 ειιαθ’
329 834 347 908 3
372 836 624 929 σημαινόμενον
647 834 889 926 ἀποτμηθῆναί
912 864 1006 919 τινος
1028 838 1171 926 λέγομεν
1197 833 1261 922 τὴν
1283 861 1399 924 κεφα-

222 944 297 1034 λήν.
351 951 383 1016 εἰ
414 945 450 1014 δὲ
483 945 528 1034 μὴ
563 945 620 1013 tic&
651 949 713 1013 τοῦ
736 945 900 1033 στόματος
927 949 989 1014 τοῦ
1014 944 1116 1030 Διός,
1149 941 1301 1028 ἀλλὰέκ
1331 949 1399 1032 τῆς

222 1056 375 1143 κορυφῆς
409 1052 670 1144 ἐμυθολόγησαν
707 1055 942 1140 ἐξεληλυθέναι
980 1051 1044 1141 τὴν
1077 1048 1243 1140 Ἀθηνᾶν,
1280 1049 1399 1122 οὐδὲν

223 1160 351 1232 ἄτοπον
387 1160 479 1230 εἶναι’
505 1181 588 1248 φησι
626 1159 791 1230 τοιούτων
825 1163 1051 1248 παραλλαγῶν
1087 1158 1170 1228 κατὰ
1207 1159 1397 1248 σύμβολον

223 1269 415 1358 γινομένων
441 1268 618 1338 πλειόνων.
664 1270 701 1336 έν
728 1267 862 1348 τούτοις
888 1282 959 1347 τοῖς
991 1265 1105 1354 λόγοις
1137 1263 1155 1335 ό
1186 1263 1396 1356 Χρύσιππος

184 1376 264 1446 ιοτύι
286 1375 349 1466 μὲν
378 1375 461 1445 ἄλλα
484 1379 639 1456 πιθανῶς
666 1402 701 1444 τε
729 1373 797 1462 ἅμα
825 1376 879 1444 καὶ
908 1372 1105 1464 εὐμηχάνως
1132 1375 1294 1461 ἐξηγεῖται
1325 1379 1398 1444 τοῦ

223 1483 342 1572 μύθου
377 1483 643 1574 προσαρμόττων
680 1480 786 1552 αύτὸν
822 1487 867 1575 τῷ
902 1485 1041 1575 Στωϊκῷ
1082 1482 1238 1570 δόγματι·
1274 1481 1314 1550 τὸ
1353 1485 1395 1552 ciis

224 1592 369 1681 συνέχον
386 1617 419 1660 τε
439 1593 494 1660 καὶ
513 1593 722 1681 κυριώτατον
740 1591 920 1678 τοῦλόγου
937 1589 1073 1674 παντός,
1092 1586 1176 1677 ὑπὲρ
1195 1581 1237 1658 οὗ
1251 1593 1397 1660 ὁιίιαιον
1480 1644 1486 1656 .

224 1691 268 1787 ἦν
296 1696 549 1788 ἀγωνίσασθαι,
578 1698 720 1786 μάλιστα
750 1697 806 1768 διὰ
838 1700 968 1786 ταχέων
990 1700 1219 1786 παρέδραμεν,
1247 1693 1294 1778 ὦς
1322 1695 1398 1768 κᾶν

224 1822 295 1888 τοῖς
316 1806 472 1896 πρόσθεν
495 1809 652 1895 ἐποίησεν
675 1805 913 1895 ἐξηγούμενος,
941 1804 1022 1893 ὅπερ
1052 1809 1087 1874 oi
1107 1805 1224 1874 πολλοὶ
1248 1804 1394 1892 λέγουσι

157 1915 305 1998 αὖετοὺς
324 1917 329 2006 Ι
349 1916 412 2004 μὲν
436 1912 498 1985 ούιι
522 1919 625 2002 ἔχειν,
652 1913 733 1996 τοὺς
756 1913 793 1984 cii
817 1919 905 2002 ἔχειν
933 1913 1129 2000 ἐγκέφαλον.
1175 1909 1221 1994 ὥς
1247 1913 1314 2000 γὰρ
1353 1915 1394 1982 έν

185 2043 211 2085 1⁶
225 2025 366 2103 ἐκείνοις
400 2019 483 2092 αύτὸ
521 2021 559 2091 τὸ
599 2021 804 2110 ζητούμενον
844 2019 981 2108 τάχιστα
1018 2024 1194 2108 παρῆλθεν
1240 2020 1278 2088 έν
1314 2037 1395 2102 τοῖς

260 2217 408 2289 Ξέξιᾶσιν
431 2219 520 2278 ΜΑΒ
544 2215 653 2286 έξιάσιν
676 2219 760 2284 ehu}
784 2220 820 2276 ef.
844 2219 929 2276 Pron.
955 2237 983 2290 p.
1002 2227 1045 2276 λθ.
1070 2249 1103 2259 -
1128 2217 1251 2275 uverbu
1273 2214 1352 2274 καθ’
1375 2215 1393 2276 ὃ

224 2325 259 2338 -·
277 2293 398 2365 λέγομεν
416 2289 469 2364 τὴν
487 2287 617 2361 κεφαλήν
637 2309 690 2346 οιιι.
706 2293 744 2348 M.
765 2323 797 2334 -
818 2299 832 2348 7
853 2287 1069 2362 ἐμοθολόγησεν
1088 2291 1169 2347 codd.
1189 2291 1252 2348 ech
1272 2287 1390 2363 ἐμυθο-

224 2361 350 2437 λόγησαν
369 2383 427 2422 nos.
448 2395 481 2406 -
501 2372 517 2420 8
537 2365 608 2434 φατὶ
628 2363 762 2420 λΙΑΒΟθ
782 2364 851 2434 φησὶ
870 2363 904 2422 Κ.
923 2393 959 2406 -

224 2569 283 2654 ait,
304 2569 480 2653 propterea
503 2565 588 2650 quod
619 2571 705 2630 artes
735 2585 861 2650 omnes,
888 2585 971 2651 quae
1002 2563 1037 2630 in
1065 2563 1161 2630 corde
1188 2587 1228 2629 ex
1255 2565 1392 2634 ratione

224 2675 455 2760 consisterent,
489 2673 610 2758 oratio,
647 2695 730 2758 quae
767 2673 802 2740 iu
839 2673 945 2740 lucem
977 2671 1192 2758 proferretur,
1224 2695 1242 2737 e
1275 2675 1391 2761 cupite

224 2784 398 2850 emitteres
447 2781 511 2848 Est
537 2782 624 2847 euim
653 2803 690 2847 os
717 2803 846 2868 quoque
874 2803 951 2866 purs
980 2780 1109 2866 cupitis.
1153 2779 1268 2867 Neque
1297 2783 1391 2850 enim

223 2889 416 2976 capillatam
443 2892 588 2972 tuntum,
616 2887 673 2954 sed
704 2891 811 2955 totum
843 2889 943 2954 etium
978 2909 1077 2974 supra
1105 2887 1227 2955 collum
1254 2894 1389 2975 purtem

223 3002 322 3084 caput
346 2997 521 3083 appellari,
554 3019 617 3083 quo
647 3020 744 3062 seusu
772 2997 921 3064 abscindi
945 2997 1083 3063 alicuius
1108 3001 1208 3083 caput
1236 2997 1389 3066 dicimus

223 3103 347 3184 Quodsi
374 3105 431 3192 qui
453 3127 520 3172 non
548 3125 608 3190 per
630 3127 666 3171 os
690 3103 799 3188 Jovis,
826 3103 883 3170 scd
911 3125 928 3169 e
956 3107 1078 3171 uertice
1101 3103 1285 3170 Minervam
1310 3129 1388 3192 pro·

222 3212 323 3280 diissc
351 3211 493 3279 fabulati
517 3215 639 3296 essent,
667 3211 752 3278 uihil
777 3210 955 3278 absurdum
983 3233 1054 3278 esse
1078 3213 1140 3298 ait,
1169 3233 1244 3278 cum
1272 3213 1388 3298 plures

222 3319 448 3390 huiuscemodi
475 3319 722 3386 immutationes
747 3320 883 3384 alterius
907 3321 954 3386 rei
983 3319 1260 3408 significationem
1284 3319 1386 3388 hube-

223 3431 304 3496 rcnh
350 3427 423 3496 Huc
453 3429 603 3495 oratione
627 3425 834 3514 Chrysippus
858 3428 893 3494 in
921 3427 1038 3494 ceteris
1067 3427 1199 3514 quidem
1226 3429 1386 3515 probabi·

222 3537 299 3604 liter
338 3536 436 3602 simul
476 3541 509 3602 et
548 3538 628 3602 scite
665 3536 813 3601 fabulam
847 3536 1084 3622 interpretatur
1121 3536 1162 3602 ud
1196 3533 1386 3604 Stoicorum

222 3643 388 3711 decretum
423 3645 689 3728 accommodaus3
728 3643 814 3728 quod
847 3665 924 3710 vero
958 3665 1121 3710 summam
1154 3645 1200 3710 rei
1236 3645 1387 3712 continet

223 3753 499 3839 praecipuumque
524 3757 586 3838 cst,
615 3753 741 3838 dequo
766 3757 891 3818 emtam
915 3774 1055 3838 acquum
1078 3753 1155 3837 fuit,
1184 3773 1283 3840 quum
1313 3753 1385 3820 bus

223 3859 357 3926 vissims
377 3861 642 3946 praetervolavit,
666 3859 939 3946 quomadmodum
958 3860 1059 3926 etium
1078 3883 1179 3946 supra
1196 3859 1286 3946 fecit,
1309 3885 1384 3930 cum

223 3967 266 4052 id,
289 3967 375 4054 quod
395 3969 494 4056 vulgo
513 3969 636 4052 dicunt,
659 3969 818 4054 quosdam
837 3991 904 4034 non
927 3967 1058 4052 habere,
1083 3968 1242 4056 quosdam
1261 3969 1384 4036 habere

223 4076 392 4142 cerebrum
416 4077 576 4162 exposuit.
624 4075 668 4142 c't
687 4077 775 4142 enim
794 4077 841 4142 ibi
865 4099 934 4142 rem
957 4076 1076 4162 ipsam,
1099 4097 1182 4163 quse
1205 4081 1384 4164 quaeritur,

223 4183 383 4250 citissime
406 4185 592 4270 praeteriit,
619 4185 658 4249 dc
682 4183 724 4250 iis
754 4189 878 4270 autem,
906 4207 989 4271 quac
1017 4189 1111 4250 extra
1137 4209 1272 4253 causum
1297 4193 1383 4272 sunt,

222 4291 322 4357 nimis
356 4291 458 4356 multa
492 4291 688 4378 disputavit,
722 4295 768 4358 ita
801 4293 855 4358 hic
888 4315 1025 4380 quoque,
1057 4295 1142 4380 quod
1173 4317 1241 4362 rem
1275 4297 1381 4383 ipsum
