2976 5028
699 279 856 346 -sea
909 315 946 326 —

242 441 336 511 ‘xcvii
364 439 426 510 τὸν
457 445 536 528 βίον
562 440 678 528 τέχνη,
711 431 732 528 ᾗ
764 437 824 518 τὰς
850 439 969 526 τέχνας
996 442 1051 507 δεῖ
1069 445 1316 508 aeterternam
1344 439 1394 505 καλ

242 551 535 634 ’ἐναποτίθεσθαῃ
557 545 637 616 καθ’
664 545 706 616 ὃν
729 546 834 634 λόγον
857 547 911 615 καὶ
936 549 977 616 τὰ
1000 545 1165 634 λεγόμενά
1187 573 1283 628 τινας
1304 573 1397 615 κατο-

242 659 366 796 :sivetu
400 657 529 745 φαμέν,
565 655 623 724 διὰ
656 655 694 724 δὲ
731 653 795 742 τὴν
833 653 1019 724 κατάποσιν
1056 655 1397 786 σρνηκολονθηκότεις

214 765 382 852 ·“λε’γεται
405 765 461 832 καὶ
486 767 534 844 είς
560 762 623 850 τὴν
645 769 777 832 κοιλίαν
800 759 1025 832 ἀποτίθεσθαι
1055 757 1149 830 αύτό.
1194 763 1276 850 μετὰ
1298 773 1397 830 ταῦτα

207 891 222 934 ⁶
243 871 318 961 ’τὴν
340 881 592 941 καταποθεῖσαν
613 862 775 998 τοιαύτην
796 871 917 958 τέχνην
939 877 1064 940 τίκτειν
1086 868 1232 956 ιύλογον
1253 871 1290 938 ἐν
1313 866 1397 959 αύτῷ

242 981 492 1069 παραπλησίαν
514 983 573 1067 της
594 977 772 1066 τικτούσης
794 978 934 1066 μητρός·
958 976 1043 1066 πρός
1065 1003 1100 1046 τε
1119 976 1254 1058 τούτοις
1273 975 1314 1046 τὰ
1337 973 1396 1044 ύπὸ

242 1089 322 1158 ’τόν
363 1089 554 1175 ἐπιστημῶν
595 1086 771 1174 τικτόμενα
809 1089 846 1154 ἐν
884 1083 1012 1166 αὐτοῖς·
1045 1089 1115 1166 πῶς
1146 1085 1184 1154 ὑὲ
1230 1081 1274 1154 civ
1309 1087 1399 1152 ἐκκο-

243 1193 388 1282 ’ριύοιτο
411 1194 467 1263 καὶ
495 1193 552 1263 διὰ
581 1200 673 1274 τίνος
699 1193 859 1281 μάλιστα,
891 1193 1030 1280 πάρεστι
1059 1207 1208 1262 σκοπεῖν.
1253 1189 1399 1280 φανερὸν

175 1301 331 1390 353“γόρ,
355 1299 406 1371 ότι
429 1301 519 1393 λόγῳ
543 1301 715 1388 ἐκφέρεται
740 1299 797 1369 διὰ
819 1304 882 1369 τού
904 1299 1069 1388 στόματος
1091 1297 1174 1368 κατὰ
1196 1298 1261 1388 τὴν
1278 1299 1284 1390 Ι
1303 1325 1399 1386 xena-

208 1408 336 1497 io‘trjv,
359 1410 393 1490 ἐξ
417 1417 495 1478 ἴσον
517 1407 625 1489 οὕτως
647 1412 705 1496 τῆς
728 1412 874 1497 κεφαλῆς
896 1409 1088 1500 λεγομένης,
1112 1404 1154 1476 ὃν
1177 1407 1303 1493 τρόπον
1325 1432 1399 1494 προ·

244 1516 363 1604 ’βάτον
395 1515 523 1604 κεφαλὴ
557 1517 686 1604 λέγεται
718 1517 774 1585 καὶ
807 1517 866 1596 τὰς
897 1515 1045 1603 κεφαλὰς
1071 1513 1262 1604 ύφαιρούσί
1288 1540 1398 1597 τινων,

244 1621 340 1692 ’καθ’
371 1621 413 1693 ὃν
436 1623 541 1711 λόγον
568 1623 844 1712 παραγινόμενον
870 1625 924 1692 καὶ
949 1625 985 1692 ἐκ
1012 1627 1071 1712 της
1098 1628 1251 1711 κορυφῆς
1276 1624 1398 1710 λέγεται

245 1731 417 1820 γενέσθαι
439 1727 567 1819 Ἀθηνα
589 1735 658 1800 τῶν
685 1731 851 1801 τοιούτων
873 1735 1098 1818 παραλλαγῶν
1125 1729 1209 1800 κατὰ
1233 1730 1399 1818 σύμβολον

245 1840 449 1928 “μινομε’νων
470 1838 655 1924 πλειόνων,
678 1841 733 1908 καὶ
757 1839 901 1927 χωρλςιλ
882 1838 981 1906 ιλ’ὲ
942 1865 1000 1926 της
1023 1842 1173 1926 ιστοριάς
1194 1837 1317 1926 ταύτης
1338 1832 1397 1904 dat

205 1968 233 2010 τε
245 1941 364 2016 ‘adeon
396 1945 504 2035 μόνον
541 1950 603 2015 τοῦ
617 1943 794 2033 γενέσθαι
827 1945 953 2034 ταύτην
980 1943 1063 2014 κατὰ
1091 1944 1155 2034 τὴν
1181 1947 1332 2033 κεφαλὴν
1361 1941 1396 2010 τὰ

244 2053 471 2142 παραπλησια
498 2053 543 2122 ἅν
569 2079 619 2134 τις
646 2054 750 2140 λε’·γοι
780 2050 822 2122 ού
848 2053 913 2142 γὰρ
938 2053 976 2121 e'v
998 2057 1038 2142 τη
1065 2057 1194 2144 κεφαλῇ
1219 2075 1324 2142 φησιν
1346 2046 1398 2117 cie

247 2211 461 2220 ι--ι--α--η-

281 2295 382 2343 aean
400 2287 487 2343 M.—
507 2282 829 2358 3οννηκολοοθηκότος
847 2287 938 2344 M.-
965 2283 1161 2358 λέπιστημῶν
1181 2287 1209 2342 M
1230 2281 1399 2356 lucanam·

244 2359 304 2415 xciv
323 2359 476 2422 Anthus
491 2360 526 2416 ιλ.
546 2361 631 2415 Pron.
651 2378 679 2431 p.
695 2367 791 2416 28.-
812 2359 956 2415 8σκοπού
975 2375 1027 2430 pro
1047 2366 1164 2414 cao-rm
1178 2358 1272 2416 11
1292 2364 1323 2413 1³
1342 2359 1399 2426 posi

245 2429 416 2518 ηιτέοθαι“
408 2431 574 2488 rnaemimus
598 2427 712 2520 Ἀθηνᾶ·
738 2433 773 2487 ct.
792 2431 856 2489 infr.
876 2449 904 2503 p.
923 2438 990 2497 323,
1012 2437 1110 2487 1o.-
1138 2438 1170 2485 16
1195 2432 1283 2486 rerba
1305 2429 1399 2485 iodea

244 2522 353 2631 rediga?
370 2499 444 2558 acaci
465 2521 554 2574 usquc
573 2504 610 2560 ad
628 2500 722 2573 αύτην
740 2503 880 2573 γενέσθαι
899 2520 953 2559 om.
973 2474 1064 2558 ii.-
1085 2509 1119 2557 ld
1137 2505 1205 2572 post
1222 2497 1398 2570 παρακλήσει

244 2592 263 2632 a
302 2593 407 2630 timna
425 2571 525 2630 ἅν,-

245 2833 386 2896 rerum,
415 2833 511 2898 qnae
534 2811 574 2877 in
605 2811 710 2878 vitae
738 2833 810 2878 usu
838 2814 1058 2896 versantur,
1087 2832 1164 2896 ars,
1191 2833 1269 2898 qua
1297 2809 1396 2876 artes

247 2919 399 2986 anobis
418 2919 663 2986 devorandae
682 2941 724 2986 ac
743 2919 1013 2988 recondendae
1032 2922 1136 3004 sunt,
1155 2941 1229 3006 qna
1247 2916 1396 2984 ratione

247 3027 367 3093 etiam
390 3027 579 3094 devorare
608 3027 715 3093 dicta
744 3027 930 3113 quosdam
953 3027 1137 3114 dicimus,
1165 3027 1212 3094 ob
1240 3026 1397 3092 devora·

249 3134 398 3202 tionem
426 3137 555 3200 autem
584 3156 628 3199 ea
652 3134 812 3202 recondi
840 3135 880 3202 in
912 3139 1090 3202 ventrem
1123 3133 1397 3202 convenienter

248 3243 443 3310 dicuntur.
493 3241 641 3308 Deinde
674 3243 863 3308 devorata
896 3241 1167 3309 huiuscemodi
1200 3247 1287 3308 arte
1320 3255 1398 3306 con·

248 3353 475 3417 sentaneum
495 3353 556 3416 est
578 3351 686 3416 intus
710 3349 750 3416 in
773 3349 930 3416 homine
949 3351 1068 3417 matri
1087 3350 1256 3430 similem
1277 3347 1397 3414 filiam

248 3453 469 3546 procreari3
508 3459 583 3526 huc
616 3459 806 3524 accedunt
838 3481 894 3544 ea,
930 3480 1027 3544 quae
1060 3482 1080 3524 a
1110 3455 1337 3542 disciplinis
1363 3449 1396 3514 in

247 3566 365 3633 nobis
393 3567 614 3651 pariuntur.
664 3565 769 3644 Quae
803 3589 877 3652 quo
905 3567 1016 3633 modo
1045 3587 1168 3652 quava
1196 3567 1312 3651 parte
1338 3579 1397 3646 po·

247 3672 446 3740 tissimum
480 3679 633 3760 exeant,
670 3676 922 3742 considerare
959 3673 1064 3740 licet.
1120 3672 1291 3740 Constat
1323 3687 1397 3738 ora·

247 3781 355 3848 tione
392 3781 532 3847 efferri
569 3805 637 3867 per
673 3807 716 3848 os
754 3804 771 3848 e
810 3783 955 3868 capite,
991 3779 1091 3868 quod
1124 3781 1259 3850 eodem
1299 3771 1396 3848 modo

248 3889 494 3976 appellatur,
517 3913 593 3976 quo
613 3891 698 3957 ovis
722 3895 840 3974 caput
862 3889 994 3954 dicere
1014 3889 1186 3954 solemus
1210 3889 1271 3955 vel
1293 3885 1396 3970 caput

248 3999 369 4064 alicui
403 3997 518 4084 clenti,
556 4021 629 4085 quo
663 4020 778 4064 seusu
810 3997 996 4063 subiecto
1026 3996 1145 4063 etiam
1178 4020 1222 4064 ex
1255 3991 1396 4062 vertice

249 4109 337 4173 orta
360 4127 446 4170 csse
471 4105 650 4172 Minerva
672 4104 917 4192 perhibetur,
940 4127 1024 4172 cum
1048 4103 1320 4172 huiuscemodi
1340 4100 1395 4166 im·

249 4213 488 4280 mutationes
514 4213 648 4298 plures
673 4213 711 4278 in
736 4213 904 4278 alterius
928 4210 1274 4299 significationem
1300 4225 1395 4280 assu·

248 4326 418 4408 mautur3
457 4327 575 4408 atque
608 4323 726 4388 etium
761 4323 882 4389 missa
916 4325 985 4388 trac
1019 4321 1330 4408 investigatione
1359 4331 1395 4378 οἱ
