2942 5008
739 363 959 428 ..42-

357 521 478 591 Omnes
495 521 559 590 bae
573 524 792 592 correctiones
812 547 1011 612 quamquam
1027 523 1219 614 plerumque
1238 530 1465 614 probanda

230 715 235 722 1
268 635 345 699 sunt
376 634 410 699 et
441 653 462 697 a
492 632 731 719 posterioribus
762 632 943 700 editoribus
973 636 1093 703 merito
1121 643 1285 722 receptae,
1317 643 1465 706 tanne}

267 763 403 808 numero
430 741 601 826 pauciores
625 747 702 806 sunt
727 765 824 826 qnam
849 745 885 806 ut
908 742 1109 826 perpolitum
1133 748 1165 808 et
1189 755 1465 834 perpurgatrrn

267 873 287 916 a
310 847 555 915 Basileensibus
579 851 703 914 textam
728 871 799 916 esse
823 851 912 915 dicas
936 873 1038 935 eoque
1067 851 1189 936 minus,
1217 855 1304 938 qnod
1328 857 1465 922 iidem

266 957 363 1024 noris
381 956 507 1022 mendis
527 979 600 1022 eurn
623 956 886 1042 deturpaverunt.
923 957 1039 1044 ltaque
1062 960 1233 1044 perpensis
1257 963 1465 1049 utriusqus

265 1064 420 1132 editionis
439 1065 530 1131 vitiis
549 1065 790 1152 virtutibusque
809 1089 874 1134 non
894 1066 1034 1132 multum
1054 1065 1183 1133 differre
1202 1068 1465 1138 Basileensen

267 1173 310 1239 ab
334 1172 455 1238 Aldina
478 1172 639 1240 indicabis
663 1177 695 1238 et
718 1175 856 1241 alteram
876 1175 971 1259 qnasi
994 1173 1172 1240 editionem
1196 1176 1265 1241 eins
1289 1180 1465 1264 paulula

266 1280 523 1348 emendatiorem
555 1281 625 1346 inre
662 1283 854 1368 appellabis.
910 1281 1078 1348 Permulta
1114 1281 1217 1368 igitur
1251 1286 1465 1352 reficienda

267 1389 468 1474 reliquerunt
500 1385 686 1472 Charterio,
722 1392 778 1476 qni
810 1391 974 1476 quomodo
1011 1390 1058 1454 rei
1091 1390 1302 1476 satisfecerit,
1342 1416 1465 1462 nunc

268 1495 446 1561 rideamus.

357 1602 538 1670 Cleartcnns
560 1606 594 1670 in
614 1605 744 1672 edendis
769 1606 862 1671 libris
886 1606 924 1670 de
945 1607 1080 1672 Placitis
1104 1629 1171 1672 non
1195 1609 1301 1693 magis
1325 1632 1461 1694 qnam

268 1711 473 1779 Basileenses
488 1713 654 1778 codicibus
669 1737 746 1780 usus
761 1718 823 1786 cst:
843 1716 949 1780 solnm
964 1715 1211 1780 furrdamcntum
1225 1719 1460 1784 recensionis

268 1821 444 1887 editionem
458 1821 681 1887 Basileensenr
694 1821 822 1906 babuit,
839 1824 903 1888 nisi
918 1823 1003 1908 quad
1019 1823 1095 1888 libri
1110 1823 1209 1907 primi
1228 1823 1457 1909 fragmenta.

267 1951 350 2014 quiae
381 1927 480 1994 Caius
510 1950 528 1993 e
558 1931 682 2014 codice,
712 1933 767 2016 qui
798 1955 882 1997 inmo
910 1929 1144 2016 Cantabrigiae
1175 1935 1239 2012 est,
1269 1931 1452 2016 ediderat,

267 2037 402 2105 editioni
427 2060 504 2104 suae
528 2037 655 2104 adiecit.
700 2037 816 2124 ltaque
842 2039 1034 2123 priusquam
1058 2037 1222 2104 Charterii
1246 2037 1449 2106 editionem

267 2147 502 2229 examinemus,
524 2145 682 2212 nonnulla
705 2147 743 2212 de
768 2145 840 2212 Caii
864 2146 949 2211 libro
972 2145 1107 2212 dicenda
1132 2151 1216 2212 sunt.

357 2251 469 2338 Caius,
497 2255 641 2320 medicus
664 2253 905 2340 Britannusfll,
934 2254 1060 2320 rediens
1090 2253 1252 2319 ex‘ltalia
1283 2277 1372 2322 anuo
1404 2281 1444 2340 p.

267 2357 325 2428 Cb.
358 2384 389 2428 n.
425 2362 509 2428 lbi-l
542 2361 692 2426 Basileae
724 2362 873 2426 libcllnur
905 2363 1019 2443 edidit,
1055 2364 1111 2448 qui
1143 2362 1334 2428 inscribitur
1370 2365 1441 2432 ‘c‘t

268 2467 384 2536 Galerii
411 2471 596 2536 »nobilissimi
623 2473 732 2534 arcadici
758 2471 831 2534 libri
858 2472 977 2553 alipirot
999 2472 1105 2553 praeci
1132 2471 1248 2552 partini
1278 2470 1442 2536 terratenus

222 2561 226 2568 ¹
268 2599 329 2642 ticin
355 2579 425 2656 risi,
448 2580 568 2662 partim
596 2602 616 2644 a
644 2581 763 2644 narratis
789 2580 900 2661 prailius
926 2579 1082 2643 scatebant
1109 2580 1281 2644 launna-is
1308 2581 1353 2644 ad
1379 2603 1437 2645 rc-

266 2687 450 2753 tnstissinios
476 2689 590 2753 calices
617 2690 775 2770 rrpaipati
803 2693 831 2751 ct
859 2685 1030 2770 intrpritnti
1055 2707 1131 2752 sicae
1163 2687 1297 2751 restituti
1323 2709 1435 2755 asiria-

267 2795 493 2878 tationibaspao
517 2796 667 2860 illustrati
688 2818 747 2879 poi·
769 2796 918 2860 Inaiuicni
944 2799 957 2854 t
966 2797 1055 2860 'tricini
1081 2794 1291 2862 Britanniam.
1321 2797 1433 2862 ,liceti-

266 2899 357 2967 cnni?
402 2901 441 2968 ln
464 2903 558 2968 libris
583 2903 752 2970 ‘hactenns
777 2927 843 2970 non
867 2903 957 2968 risis'
982 2906 1032 2967 est
1055 2901 1183 2968 ‘Galcni
1205 2903 1280 2968 liber
1295 2905 1432 2986 psincus

266 3007 353 3094 περὶ
377 3011 453 3076 τῶν
471 3005 752 3094 Ἱπποκράτους
775 3011 835 3075 ani
859 3007 1072 3087 Ilicitanus
1096 3005 1304 3095 δογμάτων
1323 3011 1430 3078 Grac-

265 3138 320 3184 cns
348 3119 411 3183 iaia
436 3121 575 3202 prinam
607 3123 746 3185 inrcntns
773 3125 801 3184 at
826 3141 881 3202 pri·
909 3119 1061 3184 barisan
1088 3121 1200 3184 t'aiam
1231 3121 1261 3184 in
1288 3120 1428 3187 latiiaem

258 3217 434 3292 'seraranan
464 3249 579 3294 rasas.
608 3229 698 3294 cuins
728 3228 803 3293 libri
833 3227 1017 3311 exemplum
1045 3227 1146 3291 faisse
1174 3227 1332 3298 codicem.
1364 3233 1424 3312 qui

266 3356 350 3401 nture
375 3333 609 3422 Cantabrigine
633 3345 682 3400 est
708 3337 790 3422 sign.
814 3335 877 3402 No.
902 3337 942 3400 41
967 3333 1036 3421 (Γ).
1063 3333 1176 3420 Progr.
1199 3339 1301 3400 nostr.
1324 3335 1353 3418 I,
1380 3339 1418 3402 ll

265 3441 572 3510 ‹lemonstrnrimns
617 3443 804 3530 t'urigruere
828 3445 914 3508 enirn
939 3443 1079 3508 diximus
1104 3441 1235 3507 initium
1258 3443 1422 3526 fragmen-

266 3549 306 3628 ti,
328 3551 393 3618 nisi
416 3553 502 3638 qriinl
526 3553 625 3618 codex
651 3577 667 3616 a
693 3552 802 3616 serbis
827 3547 862 3615 rb
888 3551 1025 3634 acipraau
1048 3543 1131 3615 dliii
1155 3544 1326 3616 κάκείνου.
1347 3547 1420 3616 (nii

264 3657 348 3725 liber
371 3683 390 3725 a
415 3661 523 3726 serbis
547 3655 630 3727 ἀλλὰ
653 3655 812 3725 aduritur·
836 3660 1006 3744 inciperet.
1030 3659 1118 3723 nulla
1144 3658 1268 3724 scilicet
1292 3659 1355 3723 alia
1379 3657 1419 3724 de

265 3791 378 3839 causa.
405 3769 469 3835 uisi
499 3775 534 3836 nt
563 3770 694 3836 initium
723 3793 761 3833 ex
791 3769 877 3834 insto
902 3767 1072 3832 enuntiato
1100 3771 1279 3832 constaret:
1306 3764 1418 3830 ‹leinde

265 3880 340 3962 post
363 3876 484 3942 librum
509 3877 651 3964 prinnnn
676 3877 767 3962 sequi
792 3875 876 3960 apud
901 3873 1018 3940 Caium
1042 3873 1086 3960 ip.
1113 3875 1166 3960 11)
1193 3879 1416 3958 argumentum

264 4005 418 4068 graecum
437 3985 514 4050 libri
534 3986 665 4052 secundi
687 3985 801 4050 ii=deru
824 4007 954 4068 prorsus
974 3984 1097 4051 verbis.
1120 3983 1236 4068 quibus
1258 3981 1291 4046 iu
1310 3981 1415 4046 codiee

265 4089 544 4178 Cantabrigiensi:
578 4093 640 4159 hnc
675 4092 825 4158 accedere
858 4092 1015 4157 lectiones
1048 4091 1151 4177 ipsos,
1187 4111 1270 4174 <puae
1306 4089 1414 4172 paneis

339 4251 372 4316 ⁸¹)
393 4251 432 4306 [le
452 4250 509 4306 rita
535 4251 594 4306 eins
617 4251 652 4308 ct.
676 4253 848 4322 Progranun.
873 4262 957 4305 nostr.
982 4249 1006 4312 l.
1032 4259 1062 4306 tl
1086 4249 1150 4305 adn.
1175 4255 1204 4310 8;
1227 4247 1342 4310 Haeser,
1365 4245 1413 4303 Ge-

264 4339 390 4396 scbicbte
413 4341 463 4394 der
489 4341 610 4396 llcdicin
633 4349 663 4406 ,ἐξ
687 4351 748 4397 311».
772 4351 837 4398 ald:
861 4341 980 4398 t'niinnl.
1004 4345 1087 4398 (lesu.
1118 4339 1148 4394 in
1171 4337 1260 4394 Praei.
1289 4335 1412 4394 editionis

265 4429 364 4488 tlaleni
384 4429 577 4489 Frubcuinuae
596 4433 695 4488 tertiae
717 4433 798 4488 llusil.
819 4431 959 4487 llllLXll.
