2980 5020
673 291 969 360 ‘-772-

266 455 332 522 ‘aral
357 452 508 524 ἑκάστου.
544 461 580 523 τί
599 452 682 542 μήτε
705 455 760 523 καὶ
786 452 889 524 οὐδὲν
912 455 1012 548 ἑτέρῳ
1037 481 1073 542 γε
1096 455 1227 525 τούτων
1250 457 1346 546 ἐσμέν
1364 480 1405 522 ao

266 563 395 648 ‘eonon
428 557 507 632 οὔθ’
543 560 591 630 ὅτι
624 562 661 630 τὸ
696 561 836 650 ἄπειρον
864 559 968 652 αὐτῆς
995 575 1092 652 [ouer
1121 563 1200 633 οὔθ’
1233 563 1282 634 ὅτι
1310 565 1346 634 τὸ
1366 565 1406 632 ἓν·

266 665 351 738 ‘ill'
377 668 447 749 ὅτι,
471 668 579 738 ὁπόσα
607 671 645 740 re'
671 673 738 739 ἐστι
767 673 822 740 καὶ
852 669 969 753 ὁποῖα,
998 669 1089 741 τοῦτ’
1121 682 1190 741 ε’στι
1213 671 1251 742 τὸ
1276 699 1406 762 γραμμα-

265 775 372 846 ‘xcxiv
402 779 543 846 ἕκαστον
575 783 698 848 ποιοῦν
738 777 840 868 ἡμῶν.
895 777 1116 868 ἀληθέστατα.
1171 781 1226 848 καὶ
1264 781 1331 868 μὴν
1362 779 1404 846 rol

236 882 313 952 ⁵³16
346 885 512 972 μουσικὸν
542 881 739 974 ὃτυγχιὲιιει
765 893 902 974 ποιοῦν,
935 887 1026 958 τοῦτ’
1062 895 1129 958 ἑστι
1163 884 1296 956 ταύτόν.
1337 891 1407 964 anie:

264 991 373 1080 ‘morri
397 995 461 1082 μέν
483 1021 550 1064 που
572 998 627 1064 καὶ
653 997 689 1065 τὸ
714 994 785 1064 κατ’
817 999 949 1084 insinuo
972 997 1034 1085 τὴν
1063 997 1184 1084 τέχνην
1211 995 1279 1064 ἐστὶ
1303 1001 1358 1084 ,ιαἰι
1378 995 1407 1060 ἐν

264 1097 370 1190 ‘ariri¹
416 1105 486 1182 πῶς
509 1099 541 1170 o’
568 1101 627 1177 οὔτ
659 1103 722 1173 Ouio
748 1104 784 1172 ul
809 1107 940 1192 θῶμεν,
973 1103 1062 1192 βαρὺ
1084 1105 1138 1174 καὶ
1169 1101 1245 1188 ὀξύ,
1274 1105 1326 1172 καὶ
1351 1107 1407 1188 τρί-

264 1210 337 1279 ’τον
364 1206 541 1298 ὁμότονον.
589 1206 606 1278 i
636 1215 719 1292 ττιῖιςτ
753 1211 867 1293 οὕτως.
915 1209 989 1280 ἀλλ’
1020 1211 1113 1281 οὕτω
1144 1211 1250 1298 σοφὸς
1282 1207 1324 1280 riv
1351 1221 1408 1296 αἰῑς

264 1316 339 1404 (τὴν
375 1318 543 1406 μουσικὴν
575 1324 674 1400 elon,-
710 1325 813 1389 ταῦτα
851 1321 956 1408 μόνα.
993 1321 1037 1409 μὴ
1067 1319 1166 1402 α’ὁὼς
1188 1323 1241 1395 δι’,
1279 1317 1324 1402 ὦς
1345 1325 1408 1396 iao,-

225 1425 399 1512 1o‘elrceiv,
430 1431 477 1506 εἰς
507 1431 610 1496 ταῦτα
634 1425 776 1509 οὖὸενὸς
803 1427 895 1512 ἄξιος
918 1435 986 1518 ἔσῃ.
1033 1425 1075 1498 οὐ
1098 1426 1163 1514 γὰρ
1187 1419 1261 1496 οὖν.
1306 1424 1383 1496 ἀλλ’.

263 1636 426 1728 ‘tortorio
453 1646 512 1729 τῆς
539 1647 655 1729 φωνῆς
693 1641 851 1732 ὀξύτητός
887 1671 920 1713 τι
958 1645 1033 1732 αι’ρι
1061 1647 1116 1712 καὶ
1146 1643 1333 1730 βαρύτητος
1361 1643 1403 1709 καὶ

263 1745 377 1818 ’ὁποῖα
400 1751 455 1818 καὶ
488 1765 571 1830 τοὺς
600 1749 701 1838 ὄρους
724 1755 792 1820 τῶν
820 1751 1058 1840 διαστημάτων
1086 1752 1141 1819 καὶ
1169 1751 1209 1819 τὰ
1233 1755 1271 1821 ἐκ
1294 1751 1407 1822 τούτων

301 1977 313 2022 1
335 1963 401 2023 οὐδ’
419 1963 450 2022 ἐν
465 1985 516 2038 pro
536 1962 624 2024 aloes
639 1969 675 2022 M.
692 1999 724 2009 -
747 1964 833 2038 ἑτέρω
849 1971 877 2025 M
897 1963 1002 2036 ἑτέρων
1018 1968 1159 2036 ,lucum
1181 1969 1216 2024 cl'.
1233 1969 1316 2026 Proll.
1335 1989 1357 2040 p.
1371 1977 1405 2022 31.

263 2069 297 2080 ·-
323 2060 351 2096 τε
371 2057 422 2111 pro
442 2059 472 2108 γε
494 2041 530 2095 M.
556 2073 587 2083 -
613 2052 675 2109 post
699 2039 807 2096 nourr-rr
831 2052 902 2113 spuo.
929 2057 988 2096 vac.
1013 2051 1149 2111 quattuor
1171 2039 1273 2106 litter..
1296 2043 1406 2110 sequitur

262 2113 321 2174 πῶς
340 2113 370 2167 ἰιι
386 2111 421 2166 M.
438 2143 471 2151 —
492 2133 550 2174 ,τως
564 2113 702 2167 nitenti.
725 2145 750 2153 -
774 2122 788 2168 ‘J
810 2115 893 2182 σοφοὶ
913 2111 979 2169 orire
996 2108 1037 2167 ὄτι
1059 2111 1137 2168 could.
1155 2114 1217 2167 ellel.
1238 2145 1271 2156 -
1291 2123 1307 2168 3
1325 2111 1403 2168 cilio'n

262 2185 324 2250 (sici
344 2184 372 2238 M
380 2184 431 2238 AB
450 2179 545 2238 ἆιῖλοτι
565 2184 649 2242 Chii:
670 2185 703 2238 ct'.
721 2186 804 2242 Proll.
825 2205 851 2257 p.
872 2193 914 2240 48.
931 2216 965 2226 -
985 2180 1077 2240 ὁπόσα
1098 2182 1128 2240 τὸ
1150 2181 1208 2240 ἐστὶ
1229 2187 1266 2242 M.
1287 2217 1318 2228 -—
1337 2187 1405 2240 ror'ro

264 2251 322 2312 lori
342 2257 429 2310 Mnss
454 2253 536 2310 τοῦτό
562 2252 617 2310 ἐστι
640 2257 719 2311 culi.
745 2287 774 2299 -
810 2265 823 2312 l
845 2253 923 2326 ἡμῶν
947 2274 1002 2312 om.
1023 2258 1058 2312 M.
1083 2287 1117 2298 -
1142 2252 1213 2312 ὀοῦ
1237 2276 1288 2329 pro
1306 2253 1321 2313 ὃ
1339 2257 1405 2311 cmii.

263 2329 326 2384 eud.
345 2359 381 2368 -
400 2327 527 2382 τουτέστι
546 2330 627 2384 codd.
649 2330 711 2383 ellel.
734 2361 765 2369 -
788 2337 818 2384 11
839 2323 1019 2398 διαστήματα
1038 2325 1072 2383 τὰ
1092 2326 1152 2384 ἐστὶ
1170 2328 1207 2386 M.
1228 2361 1262 2372 -

262 2536 399 2580 rursus
418 2511 673 2578 multitudine
688 2517 725 2576 et
742 2513 909 2578 omnium
926 2516 963 2578 et
982 2511 1235 2599 singulorum.
1259 2513 1405 2591 Quidni?

263 2621 314 2689 Et
336 2629 477 2688 neutra
497 2619 650 2706 quidem
670 2642 730 2684 res
754 2619 829 2686 iam
853 2619 975 2686 ullius
994 2621 1051 2686 rei
1070 2621 1223 2708 peritos
1246 2645 1313 2689 nos
1335 2619 1405 2686 rel·

263 2731 335 2816 dit,
371 2751 496 2817 neque
533 2729 634 2816 quod
672 2727 872 2794 infinitam
906 2751 1029 2816 neque
1065 2729 1166 2816 qnod
1197 2752 1308 2796 unam
1337 2751 1404 2794 eaur

264 2839 553 2924 cognoscimus,
586 2837 651 2902 sed
681 2835 779 2902 illud
813 2835 974 2920 demum,
1007 2843 1060 2919 ut,
1093 2845 1187 2923 quot
1216 2846 1254 2904 et
1284 2836 1403 2924 quales

262 2945 411 3012 iornuae
439 2945 547 3012 uocis
578 2945 671 3024 sint,
704 2943 948 3028 exlrloralum
985 2945 1212 3018 habeamus.
1245 2946 1314 3014 hoc
1345 2947 1405 3009 est.

264 3053 366 3139 quod
393 3075 579 3139 quemque
611 3069 788 3118 nostrum
817 3055 1097 3138 grammaticae
1133 3055 1303 3142 peritum
1332 3050 1405 3118 elli·

263 3162 354 3228 ciat.
415 3159 641 3226 l'erissime.
697 3163 817 3245 Atqui
854 3161 952 3246 quod
990 3161 1161 3228 musicae
1198 3165 1296 3228 artis
1331 3181 1404 3226 rere

264 3269 434 3354 peritum
467 3269 610 3352 reddit,
643 3268 741 3334 idem
775 3275 842 3333 est.
899 3267 978 3346 Quo
1012 3269 1145 3336 modo?
1195 3269 1277 3339 Vox
1308 3271 1405 3336 enim.

265 3377 418 3462 opinor,
447 3377 581 3460 etiam,
609 3377 707 3462 qnod
737 3375 781 3442 ari
810 3377 919 3442 illam
948 3383 1070 3442 artem
1095 3378 1253 3462 attinet,
1281 3400 1350 3444 uua
1373 3376 1404 3440 iu

264 3505 308 3550 ea
331 3489 399 3550 est.
437 3483 600 3562 Quidni?
642 3483 726 3550 Duo
749 3485 857 3550 vocis
881 3505 1024 3570 genero
1049 3490 1282 3572 statuamus,
1304 3505 1405 3576 graue

265 3595 303 3657 et
326 3597 494 3676 acutum,
514 3599 552 3656 et
577 3593 755 3675 tertium,
778 3593 879 3678 quod
899 3593 1121 3680 aequaliter
1142 3597 1333 3664 intentum
1351 3598 1407 3660 est

264 3697 400 3766 Nonne
427 3701 506 3766 ita?
553 3699 613 3766 Itu
642 3701 829 3785 prolecto.
883 3699 1061 3768 Nondum
1094 3707 1235 3788 temen,
1268 3707 1300 3770 si
1327 3703 1406 3770 haec

265 3805 349 3874 sola
368 3809 614 3894 cognoveris,
635 3811 804 3874 musicae
824 3809 975 3894 peritus
996 3811 1086 3896 eris3
1107 3811 1171 3878 sed
1186 3811 1264 3878 nisi
1281 3829 1406 3898 cogno·

264 3916 380 4000 venio,
403 3917 565 4002 nulliuS,
589 3923 629 3984 ut
654 3917 710 3982 ita
734 3917 871 4002 dicam,
895 3917 1017 4004 pretii
1040 3917 1111 3985 hoo
1129 3919 1284 3986 nomine
1303 3915 1406 3984 aesti-

265 4023 442 4090 maberis.
487 4023 646 4092 Nullius
672 4047 772 4090 sune.
820 4025 892 4092 Sed
917 4025 996 4110 nbi,
1025 4027 1162 4112 amice,
1185 4025 1407 4114 perceperis.

264 4139 357 4218 quot
378 4134 484 4198 uocis
504 4134 720 4199 interualla
740 4151 897 4200 numero
917 4134 1010 4216 siut,
1029 4133 1129 4220 quod
1148 4136 1194 4201 ad
1212 4141 1358 4204 acutum
1375 4146 1405 4194 et

265 4259 383 4326 grave
403 4241 564 4322 attinet,
589 4249 626 4306 et
645 4241 792 4328 qualia,
812 4249 849 4306 et
870 4243 971 4308 l'ines
991 4242 1292 4312 intervallorum
1310 4246 1407 4330 quol-

265 4367 336 4431 qua
366 4369 409 4412 ex
437 4347 499 4414 hia
529 4349 837 4436 compositiones
872 4351 1118 4436 el'l'iciantur,
1146 4375 1239 4442 quas
1268 4359 1405 4418 veteres
