2984 5030
562 311 807 377 -613-

85 473 168 538 τῶν
193 465 341 538 όπτικιόν
364 469 498 556 νεύρων
521 467 586 539 ὑπὸ
610 474 747 540 πολλῶν
764 467 956 562 εύόοκιζαων
979 477 1106 562 ιάτριόν
1124 483 1262 564 εἴρηται.

85 578 154 646 καλ
180 574 258 646 oldai
277 578 318 664 γε’
337 605 414 648 τινα
437 582 506 648 τῶν
529 575 617 648 οὕτω
636 578 821 648 παθόντων
840 579 1070 670 ὸιηγούμενον
1089 579 1181 672 ἡμῖν,
1204 581 1262 670 ὦς,

85 685 182 770 πρὶν
205 683 268 774 μὲν
294 695 435 770 παθεῖν,
467 687 517 756 ἐπὶ
547 701 618 766 τοῖς
639 683 760 767 ὕπνοις
788 683 1021 775 ἀναχθέντων
1046 693 1115 761 τόν
1137 691 1261 780 βλεφά-

86 817 172 880 ρων
196 791 284 878 εἰόριι
306 798 379 881 φῶς
400 793 489 864 πολὺ
512 791 577 881 πρὸ
601 797 670 862 τόν
693 791 895 884 ὀφθαλμῶν,
919 794 1002 885 ὅπερ
1024 793 1137 887 ἀμέλει
1159 796 1261 887 κάμοὶ

85 901 154 969 καὶ
184 908 321 983 πολλοῖς
348 901 464 984 ἄλλοις
490 901 647 989 ὑπάρχει,
675 903 758 970 κατὰ
789 905 899 992 βραχὺ
921 903 959 974 dl
983 910 1047 994 ἔφη
1071 911 1288 996 μειωθῆναιν

85 1007 133 1077 τό
160 1035 196 1080 τε
210 1012 293 1097 ,φῶς
316 1005 397 1080 αὐτὸ
421 1012 518 1100 μέχρι
540 1013 603 1078 τοῦ
625 1009 709 1098 μηδὲ
734 1007 821 1091 ὅλως
838 1016 887 1080 ἔτι
909 1018 1096 1100 φαίνεσθαι
1119 1015 1174 1084 καὶ
1197 1013 1261 1104 τὴν

86 1115 242 1206 όπτικὴν
265 1121 271 1206 Ι
296 1127 459 1206 αἴσθησιν
481 1116 745 1208 ἀμαυρουμένην
774 1115 899 1206 ὁμοίως
922 1123 969 1200 εἰς
991 1116 1161 1192 ἆπαόλειαν
1183 1120 1327 1212 ripa-(tw

84 1227 220 1296 κε’σθαι
242 1230 422 1308 παντελῶς.
467 1228 581 1296 λέουσι
611 1225 647 1295 θλ
678 1225 732 1294 καὶ
761 1226 944 1313 παρόόλεσι
973 1228 1029 1296 καλ
1056 1233 1126 1300 τῶν
1147 1228 1261 1302 ἄλλων

88 1333 194 1426 ζῴων
226 1331 277 1416 οἷς
304 1325 486 1424 αὐγοειόής
516 1335 608 1404 ἐστιν
638 1337 762 1413 daunais
794 1331 1032 1424 όόφθαλμός,
1064 1343 1178 1408 ἔνεστί
1205 1360 1259 1409 σοι

87 1443 296 1512 θεάσασθαι
310 1441 453 1530 νύκτωρ,
474 1429 557 1512 όταν
575 1443 797 1529 ἐπιστρέψωσι
815 1439 878 1530 την
896 1441 1003 1532 κόρην
1017 1445 1069 1512 ἐπὶ
1087 1442 1151 1534 τὴν
1169 1447 1259 1535 diva,
1273 1471 1301 1511 ιο

87 1550 225 1620 κύκλον
250 1547 357 1639 αὐγῆς
380 1552 432 1620 ἐπὶ
462 1547 565 1638 αὐτῆς
592 1549 817 1638 φαινόμενον,
845 1547 891 1632 ὥς
913 1548 1184 1639 ύναλομίαασθαι,
1204 1581 1259 1625 το-

88 1661 224 1727 σοῦτον
248 1656 313 1728 ἀπὸ
340 1662 400 1746 της
426 1658 529 1746 κόρης
552 1660 589 1728 ἐν
616 1661 661 1750 τῷ
690 1657 813 1744 μεταξὺ
839 1656 901 1728 τὸν
928 1655 1067 1728 όπτιιιὸν
1091 1657 1258 1750 ηὐξῆσθαι

87 1769 223 1853 κῶνον,
246 1763 362 1854 ἡλίκος
385 1761 429 1836 ἂν
452 1757 473 1858 ᾗ
496 1765 579 1836 κατὰ
603 1765 666 1854 τὴν
694 1761 883 1854 ἀναλογίαν
903 1771 966 1837 τοῦ
993 1767 1217 1857 διαστήματος
1238 1767 1258 1840 ό

87 1873 219 1955 κύκλος
251 1871 363 1963 αὐτῆς.
412 1887 483 1955 τοῖς
513 1873 576 1962 μὲν
603 1873 667 1960 γὰρ
695 1879 830 1962 μείζονα
861 1878 984 1944 τοῦτον
1016 1881 1129 1964 ἔχουσι
1158 1875 1258 1965 φύσει

88 1981 151 2050 καλ
177 1979 278 2069 ὁτῆς
304 1979 411 2070 αύγῆς
433 1981 554 2062 κύκλος
581 1987 703 2070 μείζων
730 1988 904 2069 φαίνεται,
932 1997 1005 2066 τοῖς
1032 1983 1069 2053 θλ
1097 1982 1258 2055 ἐλάττονα
1273 2009 1298 2052 ιι
1377 2037 1381 2044 .

87 2093 263 2159 τοσοῦτον
285 2087 351 2158 ἀνὰ
373 2090 478 2177 λόγον
501 2089 663 2175 ἐλάττων,
696 2087 780 2158 ὅσον
803 2087 965 2172 κάκεῖνος.
1014 2089 1159 2181 πότερον
1180 2085 1257 2181 οὖν,

89 2195 208 2284 ὥσπερ
237 2197 289 2266 ἐπὶ
322 2197 403 2278 τοὺς
431 2193 633 2284 ὀφθαλμοὺς
662 2193 856 2285 ἀφικνεῖταί
879 2225 911 2267 τι
938 2202 1071 2288 πνεῦμα
1099 2196 1156 2269 did
1187 2205 1257 2271 τῶν

131 2405 145 2452 1
168 2390 315 2468 daniam
329 2395 366 2451 bl.
388 2425 419 2438 -
440 2403 456 2452 ³
477 2391 627 2468 φλεβόρων
642 2396 679 2452 lll.
700 2427 733 2438 -
753 2403 770 2450 5
789 2391 931 2466 ὑπάρχειν
950 2397 1029 2454 codd.
1050 2397 1112 2453 edd.
1132 2393 1255 2469 ύπόρχει
1346 2435 1352 2444 ·

89 2487 154 2524 rios.
175 2497 209 2510 -·
230 2475 246 2524 6
265 2463 354 2524 adrui>
374 2467 454 2524 codd.
474 2467 535 2524 add.
556 2463 628 2524 αότό
648 2485 707 2526 uos.
728 2497 762 2510 ·-
782 2474 798 2524 8
817 2469 942 2538 παντελῆ
958 2469 995 2524 ll.
1015 2499 1046 2510 -
1070 2475 1103 2525 13
1123 2469 1255 2526 κακιόνων

90 2541 129 2598 Μ.
151 2569 187 2582 -··
209 2547 242 2596 15
258 2535 401 2596 linitam
419 2539 455 2596 ll.
476 2571 509 2582 —
532 2546 565 2596 16
584 2533 726 2610 ἀνάλογον
745 2541 825 2596 codd.
845 2541 908 2596 edd.
927 2536 985 2596 όνό
1004 2538 1090 2612 λόγον
1108 2559 1168 2598 noa.
1188 2572 1221 2584 -

240 2671 311 2680 ---

91 2741 445 2828 visnm'apectantium
469 2745 597 2806 meatus
626 2741 813 2808 obstructos
842 2763 913 2807 esse
937 2764 958 2808 a
980 2741 1093 2808 multis
1117 2743 1254 2810 medicis

93 2849 272 2934 praeclaris
301 2849 507 2916 dictumest
557 2848 643 2917 Novi
674 2851 774 2915 etiam
803 2871 864 2936 ego
893 2849 1067 2935 quandam,
1095 2851 1151 2938 qni
1180 2873 1253 2918 cum

92 2959 156 3024 hoe
176 2959 264 3026 malo
284 2959 420 3024 affectus
439 2962 536 3042 esset,
557 2957 653 3024 nobis
672 2958 830 3024 narrabat
849 2979 892 3042 se,
914 2957 1105 3044 priusquam
1124 2959 1160 3026 in
1179 2981 1253 3026 enm

92 3065 248 3134 morbum
277 3065 459 3149 incidisset,
487 3065 521 3133 iu
550 3067 674 3132 somnis
703 3065 877 3151 patefactis
907 3065 1074 3151 palpebris
1098 3087 1254 3155 magnam

92 3179 172 3240 aute
196 3173 308 3241 oculos
332 3173 438 3240 lucem
463 3173 598 3240 solitum
623 3195 693 3238 esse
717 3173 836 3256 ridere,
859 3173 945 3260 quod
970 3174 1097 3241 seilicet
1115 3181 1148 3242 et
1170 3176 1253 3242 mihi

93 3287 125 3347 ut
150 3281 263 3348 multis
288 3281 363 3348 aliis
387 3283 505 3366 evenit,
527 3281 688 3368 paulatim
712 3285 824 3348 tamen
847 3281 953 3348 lucem
976 3283 1084 3368 ipsam
1108 3283 1253 3350 deminu-

91 3397 165 3456 tam
189 3413 268 3472 esse,
291 3389 393 3457 donea
417 3390 551 3458 omnino
573 3389 658 3456 nihil
682 3391 748 3455 iam
773 3394 956 3474 appareret,
979 3397 1077 3476 atque
1100 3393 1252 3458 cernendi

93 3521 226 3564 sensum
258 3498 411 3565 similiter
438 3497 649 3564 obscuratum
678 3495 741 3561 sibi
770 3497 900 3582 penitus
933 3499 1107 3564 interiisse.
1157 3500 1251 3566 Adde

92 3605 181 3690 quod
205 3607 238 3670 iu
263 3605 412 3672 leonibus
437 3611 470 3671 et
493 3605 604 3691 pardis
628 3604 766 3690 aliisque
791 3605 997 3688 animalibus,
1020 3607 1138 3692 quibus
1162 3607 1250 3674 oculi

93 3713 193 3781 lucidi
222 3713 397 3780 admodum
425 3719 513 3796 suut,
540 3717 641 3780 noctu
669 3711 777 3778 videre
806 3714 896 3798 licet,
927 3713 983 3779 ubi
1016 3713 1178 3798 pupillam
1208 3715 1249 3782 ad

93 3845 188 3888 naras
213 3823 440 3904 contorseriut,
465 3821 577 3888 orbam
601 3819 762 3906 quendam
786 3820 869 3888 lueis
893 3821 928 3888 in
952 3843 991 3886 aa
1014 3843 1187 3906 apparere,
1214 3827 1252 3888 ut

94 3931 231 4015 colligas
259 3933 388 3996 tautum
418 3951 433 3994 a
465 3929 589 4014 pupilla
619 3931 652 3995 in
687 3929 794 3996 madio
825 3931 934 4016 spatio
963 3935 1094 3996 aua-tum
1123 3950 1251 4014 conum,

93 4059 187 4120 quam
213 4038 360 4123 optinum
390 4041 522 4113 vocant,
551 4041 692 4123 quantus
721 4059 781 4122 pro
805 4044 877 4103 rata
906 4037 1069 4102 intervalli
1099 4037 1251 4122 portione

94 4143 197 4228 ipsius
221 4144 310 4212 orbis
335 4147 507 4212 exstiterit.
544 4145 668 4223 Quibus
692 4146 779 4212 enim
802 4145 855 4210 hic
879 4167 980 4212 conus
1003 4151 1123 4210 natura
1145 4145 1252 4212 maior

95 4257 152 4324 ast,
174 4253 208 4318 iu
233 4253 275 4318 iis
295 4253 384 4321 orbis
404 4255 504 4321 etiam
529 4255 611 4320 lueis
630 4254 737 4319 maior
756 4253 967 4339 conspicitur,
991 4253 1109 4338 quibus
1133 4254 1251 4340 minor,

95 4359 126 4426 in
150 4361 192 4428 iis
216 4383 276 4446 pro
300 4365 466 4448 parvitate
488 4367 581 4429 tanto
605 4363 712 4430 minor
731 4363 830 4428 etiam
855 4361 945 4429 orbis
965 4367 1013 4428 est
1038 4366 1162 4448 quanto
1185 4360 1248 4428 ille.
