3048 5036
648 362 897 430 -142-

191 531 261 598 reiv
283 523 394 598 ὀστῶν
415 520 589 596 ἐκκόπτειν
605 518 812 608 ὑποβάλλειν
829 517 1110 607 ἀναγκαζομένων
1131 513 1226 602 ἡμῶν
1244 509 1355 600 άσφα-

191 641 282 716 λειάς
313 636 410 704 ἕνεκα
441 631 522 714 τοὺς
557 629 787 718 καλουμένους
823 624 1137 717 μηυιγγοφάλακας,
1175 628 1206 692 εἰ
1235 627 1358 710 βραχεῖ

191 741 385 832 βιαιότερον
411 738 583 814 ἐπιθλίυει
610 766 660 818 τις
687 733 803 818 αὐτοῖς
829 735 891 806 τὸν
913 731 1116 823 ἐγκέφαλον,
1144 727 1356 816 ἀναίσθητός
1422 757 1427 760 ·

191 877 227 920 τε
254 850 309 918 καλ
338 845 496 939 ἀκίνητος
524 845 665 918 ἁπασῶν
696 847 766 914 τῶν
798 839 878 911 καθ’
914 840 1024 931 ὁρμὴν
1051 839 1219 927 κινήσεων
1247 837 1264 906 ὁ
1293 835 1355 906 ἄν·

165 967 330 1044 οθρωπος
356 951 580 1040 ἀποτελεῖται,
615 951 657 1024 οὐ
685 951 755 1043 μὴν
781 951 845 1040 τήν
871 976 910 1038 γε
936 952 1081 1036 καρδίαν
1108 956 1354 1035 γυμνωθεῖσαυ

191 1064 397 1152 θλιβόντων.
450 1059 535 1132 άλλά
568 1069 672 1151 ἔγωγε
705 1059 782 1130 οἶδα
818 1059 873 1128 καλ
905 1055 1060 1146 πυράγρςι
1092 1055 1170 1123 ποτὲ
1207 1055 1356 1142 χαλκέως

193 1173 371 1262 ἐπιτρέψας
392 1171 460 1240 τιυὶ
483 1175 677 1259 περιλαβεῖν
695 1166 819 1257 αὐτην,
843 1164 956 1252 ἐπειδὴ
977 1163 1060 1250 [καλ]
1085 1167 1153 1231 τάν
1178 1160 1355 1230 δακτύλων

194 1279 336 1368 ἐξεπηδα
364 1285 483 1368 βιαίως
514 1279 720 1366 παλλομένη·
749 1273 833 1344 άλλά
863 1270 966 1344 οὐδὲν
986 1267 1073 1355 ,οὐδὲ
1101 1270 1175 1338 τότε
1204 1269 1239 1338 τὸ
1267 1272 1355 1360 ζῷον

193 1394 337 1477 ἔπασχεν
361 1386 438 1458 οὔτε
462 1391 510 1468 ελς
533 1396 697 1474 αλσθησιν
719 1381 797 1455 οὔτε
821 1387 869 1463 εἰς
887 1388 1022 1468 κίνησιν
1040 1376 1104 1467 τὴν
1125 1375 1206 1446 καθ’
1232 1375 1355 1466 ὀρμην,

155 1521 180 1562 ιο
194 1493 279 1566 άλλά
303 1493 471 1584 ἐκεκράγει
494 1522 529 1565 τε
552 1495 679 1584 μεγάλα
707 1493 762 1562 καὶ
790 1488 969 1570 ἀκωλύτως
995 1485 1132 1556 άυέπνει
1161 1487 1215 1555 καὶ
1244 1485 1355 1554 πάντα

194 1607 294 1675 ἐκίνει
319 1608 477 1693 σφοδρῶς
502 1604 544 1673 τά
572 1607 672 1672 κῶλα.
721 1600 809 1688 μόνη
838 1597 902 1687 γάρ
934 1595 951 1687 ἡ
979 1600 1049 1666 τῶν
1076 1591 1247 1682 ἀρτηριῶν
1273 1593 1355 1680 βλά-

195 1739 309 1782 πτεται
333 1719 465 1799 κίνησις
488 1709 576 1780 οὕτω
601 1715 847 1797 διαληφθείσης
870 1715 928 1795 της
950 1711 1101 1794 καρδίας,
1124 1701 1206 1770 άλλο
1236 1702 1271 1770 δέ
1296 1698 1354 1771 οὐ·

195 1819 256 1890 δέν
278 1819 395 1909 πάσχει
418 1819 456 1889 τὸ
482 1823 579 1914 ζῷον,
602 1814 700 1903 άλλά,
723 1814 799 1907 ἄχρι
822 1843 883 1904 περ
907 1811 951 1884 άυ
975 1818 1028 1904 ζῇ,
1055 1816 1111 1884 καὶ
1134 1833 1223 1887 κινεῖ
1243 1816 1355 1888 πάντα

195 1927 235 1996 τά
263 1929 346 2017 μέλη
374 1927 429 1995 καὶ
458 1923 610 1996 άυαπνεῑ.
660 1923 848 2014 ἐγκεφάλου
875 1921 913 1992 δὲ
947 1920 1034 1992 οὕτω
1063 1928 1273 2013 δλιφθέντος
1299 1931 1356 2016 ἐμ-

155 2057 182 2100 rs
196 2044 299 2104 παλιν
331 2032 461 2104 ἅπαντα
493 2041 685 2123 συμπίπτει·
719 2029 884 2118 σφάζουσι
916 2029 980 2119 μέυ
1011 2036 1051 2102 αι’
1084 2030 1239 2122 άρτηριάι
1269 2031 1355 2103 κατά

195 2141 302 2231 φύσιν
325 2141 393 2232 ἅμα
416 2147 456 2234 τῇ
479 2147 612 2232 καρδίᾳ,
635 2155 775 2210 κινεῖται
800 2139 836 2208 δὲ
861 2135 964 2208 οὖδέν
986 2141 1085 2228 με’λος
1108 2139 1187 2211 οὐδὲ
1213 2140 1361 2211 άυαπνει·

194 2251 232 2321 τὸ
258 2255 343 2346 ζῷον
367 2248 448 2321 οὐδὲ
477 2251 631 2336 ἐκφωνεῖ.
677 2246 741 2337 ἤδη
770 2247 832 2337 μὲν
856 2239 920 2316 οὖν
944 2249 979 2316 ἐκ
1007 2253 1114 2320 τῶνδε
1137 2252 1190 2319 καῖ
1217 2249 1298 2320 ἄλλο
1323 2278 1355 2320 τι

198 2409 412 2419 -ς--ιι

231 2493 247 2542 3
269 2481 419 2554 ἐπιθλέψει
437 2484 515 2550 elec
535 2484 592 2540 Cei.
614 2480 635 2540 ἐ.
656 2505 698 2548 τις
717 2483 766 2538 Ch.
785 2515 821 2524 -
840 2489 855 2538 'l
875 2483 924 2538 καλ
943 2485 1008 2540 aule
1027 2487 1084 2539 τώυ
1103 2483 1251 2540 δακτύλων
1275 2485 1357 2540 uncis

195 2557 369 2613 inclusimus.
389 2591 421 2600 —
450 2565 481 2614 11
502 2559 601 2624 σαφῶς
620 2554 653 2611 C'
674 2553 805 2626 οφόδρως
829 2555 864 2610 C'
882 2558 1012 2626 σφοδρῶς
1032 2557 1089 2612 [ai.
1114 2589 1146 2598 -
1171 2567 1201 2612 12
1221 2575 1271 2628 pro
1290 2561 1357 2611 δια-

195 2631 503 2758 ἓηφοδῗὲσιηηὴΑΕ-δυελ
522 2632 698 2698 θλιφθείσης
717 2629 775 2702 legi
793 2628 864 2684 ruli.
883 2659 917 2669 —-
939 2635 970 2684 1¹1
991 2625 1058 2683 άλλό
1079 2651 1106 2685 τι
1124 2629 1145 2685 C
1165 2625 1232 2684 tilio
1250 2632 1276 2683 τί
1296 2631 1357 2685 1ὲαί.

196 2903 326 2971 ossibus
351 2901 536 2968 excidendis
560 2901 647 2988 dum,
671 2924 752 2988 quos
776 2901 986 2968 membranae
1006 2903 1156 2968 cuslotles
1177 2904 1358 2990 appellant,

196 3011 323 3078 cerebri
345 3009 458 3076 tuendi
482 3033 582 3076 causa
605 3011 753 3077 subicere
778 3011 936 3095 cogimur,
960 3011 987 3075 si
1012 3011 1085 3096 quis
1109 3013 1207 3098 paulo
1233 3013 1357 3078 violen-

196 3119 263 3184 lias
292 3142 350 3206 per
374 3119 450 3185 illos
479 3121 647 3185 cerebrum
678 3120 925 3205 compresserit,
953 3139 1050 3184 sensu
1084 3135 1116 3184 et
1145 3121 1233 3186 omui
1263 3127 1356 3187 motu

196 3227 384 3294 voluntario
413 3225 514 3293 homo
546 3227 750 3314 destituitur,
784 3225 840 3292 sed
868 3227 954 3292 idem
981 3247 1049 3292 aon
1077 3227 1208 3299 accidia.
1239 3229 1266 3294 si
1299 3250 1358 3294 eor

196 3333 395 3402 denudalum
424 3336 632 3420 comprimas.
687 3335 773 3413 Quin
808 3333 908 3400 eliam
937 3335 1072 3400 memini
1100 3359 1151 3400 mc
1181 3337 1357 3422 aliquando

196 3443 325 3509 cuidam
348 3443 548 3529 permisisse,
571 3449 608 3510 ul
631 3467 696 3528 cor,
720 3466 794 3510 cum
813 3443 1023 3508 vehementer
1041 3443 1209 3528 palpitans
1234 3469 1250 3510 e
1274 3445 1359 3531 digi-

196 3551 240 3618 tis
260 3551 399 3636 exiliret,
421 3552 546 3638 forcipe
571 3551 683 3618 fabrili
703 3549 976 3638 apprelicmlerel3
1001 3559 1036 3617 at
1059 3575 1098 3616 ne
1123 3560 1200 3617 lmic
1225 3553 1358 3638 quidem

197 3659 320 3726 animal
343 3683 403 3726 neo
427 3683 524 3726 sensu
542 3682 602 3726 nec
622 3665 714 3726 mola
733 3659 918 3726 volmrlario
937 3658 1137 3744 laedebatur,
1162 3661 1215 3725 sal
1237 3682 1358 3743 magna

198 3789 276 3834 voce
300 3767 465 3833 clamabat
490 3773 523 3833 el
547 3769 649 3834 libere
673 3769 858 3854 respirabat
878 3773 910 3832 et
936 3771 1026 3832 arius
1051 3791 1162 3832 omues
1187 3768 1359 3834 veliemen-

196 3880 247 3942 ler
270 3875 435 3942 movebal.
481 3873 577 3942 Solus
602 3876 688 3942 enim
714 3876 910 3942 arteriarum
934 3881 1043 3941 motus
1068 3875 1164 3941 corle
1188 3876 1235 3942 ita
1259 3877 1359 3941 inler-

197 3987 293 4070 cepto
317 3983 467 4068 laeditur,
492 3983 581 4050 aliud
610 3983 694 4050 nihil
723 3985 845 4050 animal
871 3985 1011 4070 politur,
1036 3983 1105 4068 secl,
1129 3983 1235 4070 apa-..ael
1264 3982 1359 4070 vivit,

197 4095 230 4157 el
258 4097 370 4157 morel
393 4091 541 4158 membro
570 4092 681 4158 omnia
711 4097 743 4157 el
771 4093 922 4178 respirat.
969 4093 1015 4156 Aa
1049 4093 1218 4158 cerebram
1246 4093 1274 4156 si
1308 4093 1358 4160 ita

197 4199 405 4285 comprimere,
425 4201 536 4266 omnia
555 4199 719 4267 contrario
739 4201 906 4267 eveniunt:
925 4201 1049 4266 micant
1068 4201 1198 4285 (pridem
1215 4201 1358 4268 arteriae

197 4307 375 4374 secundum
394 4311 546 4375 naturam
565 4331 631 4374 una
649 4331 723 4375 cum
743 4308 849 4394 corde,
872 4309 1055 4374 membrum
1075 4327 1183 4374 amem
1208 4315 1361 4376 moretur

196 4415 322 4482 nullum
355 4439 414 4482 nec
447 4417 589 4502 respirat
621 4417 743 4484 arrimal
774 4423 831 4484 aul
859 4439 970 4484 vocem
1000 4417 1132 4484 emittit.
1185 4415 1255 4482 lam
1281 4441 1359 4484 vero
