3012 5010
683 318 931 393 ..230-

158 502 213 560 267
225 479 345 552 αὐτίκα
380 479 417 550 τὸ
453 481 458 570 Ι
494 483 582 574 ξῷον
610 478 793 567 γινόμενον
820 475 991 567 ἀρτηριῶν
1018 477 1056 546 τὸ
1084 477 1196 558 πάθος
1222 474 1396 572 ᾠήθησαν

168 574 173 580 ¹
225 589 389 680 ὑπάρχειν
411 590 467 658 καὶ
492 587 598 673 κάρον
622 584 821 676 ὠνόμασαν,
846 585 907 656 οὐκ
930 583 1060 676 ὀρθῶς,
1089 584 1198 676 οἶμαι,
1228 590 1259 656 εί
1284 585 1333 674 μη
1357 613 1392 654 τι

226 697 291 788 ἀρα
313 699 378 785 τὴν
400 695 558 824 ἀφωνίαν
581 697 761 782 ε’θίλονσιν
784 691 962 782 ὀνομάζειν
984 693 1103 781 κάρον·
1133 692 1222 764 οὕτω
1252 691 1317 782 γάρ
1346 689 1395 762 ἀν

226 803 366 894 ὀνόματι
390 803 500 894 μόνον
519 803 724 890 σφάλλοιντο
744 802 826 872 κατά
850 829 887 889 γε
906 807 1017 932 τφῖπο,
1039 803 1114 890 περὶ
1134 801 1221 872 δὲ
1189 830 1227 871 το
1251 806 1395 891 πρᾶγμα

193 909 310 984 ταύτὸ
334 909 577 1001 ἀμαρτάνοιεν,
605 920 696 996 εἴπερ
726 913 778 980 ἐπὶ
808 927 881 992 ταῖς
910 907 1085 998 ἀρτηρίαις
1114 907 1394 998 ἀπολαμβάνοιεν

227 1019 370 1109 ἀφανον
393 1025 547 1108 γίνεσθαι
573 1019 611 1088 τὸ
637 1023 730 1111 ζῷον.

315 1125 399 1216 Ἕγά
423 1127 486 1216 μὶν
509 1126 581 1216 δη
577 1154 632 1196 nor
652 1131 741 1197 δοκῶ
766 1154 803 1194 το
790 1125 1041 1196 κελευσθίν’
1025 1127 1089 1196 υπὸ
1109 1133 1172 1198 τοῦ
1189 1133 1396 1213 Χρυσίππον

228 1237 430 1326 πεπραχέναι
456 1235 611 1323 ζητήσας,
640 1245 703 1304 εἴτε
727 1232 792 1304 ἀπὸ
816 1240 955 1322 καρδίας
979 1234 1150 1326 ἐγκεφάλῳ
1174 1235 1319 1322 δύναμίς
1342 1264 1397 1316 τις

228 1353 293 1413 εἴτε
326 1339 390 1414 ἀπὸ
425 1343 614 1432 ἐγκεφάλου
645 1348 684 1432 τη
717 1347 840 1434 καρδίᾳ
873 1359 1073 1432 χορηγείται.
1124 1343 1321 1432 Χρύσιππος
1354 1350 1395 1414 δὲ

150 1525 156 1530 ,
192 1477 216 1516 ιο
229 1448 332 1532 αὐτὸς
355 1447 538 1540 ὀλιγώρως’
551 1453 722 1540 ἐσχηκέναι
748 1457 903 1539 φαίνεται
926 1453 1000 1536 περί
1029 1451 1092 1538 τὴν
1114 1456 1176 1520 τοῦ
1198 1451 1398 1540 πράγματος

230 1566 374 1650 ἔρευναν
402 1559 488 1628 ίδὼν
515 1557 578 1648 μίν
606 1557 669 1645 τὴν
697 1557 796 1639 ὁδόν,
825 1550 844 1648 ᾖ
872 1558 935 1647 χρὴ
960 1558 997 1628 τὸ
1024 1559 1228 1648 ζητούμενον
1251 1557 1398 1644 ἀλόναι,

230 1665 275 1756 μὴ
299 1665 509 1756 χρησάμενος
533 1665 569 1736 δὲ
594 1663 688 1756 αὐτῇ.
733 1667 903 1755 μέμφομαι
934 1666 970 1735 δὲ
999 1663 1090 1760 αὐτῷ
1118 1667 1172 1736 καί
1197 1667 1286 1738 διότι
1309 1665 1394 1738 καθ’

231 1779 269 1845 ἓν
291 1779 426 1864 βιβλίον
444 1775 580 1844 ἐναντία
605 1776 714 1862 λέγειν
738 1771 917 1862 ὑπέμεινεν
937 1771 999 1844 οὐκ
1017 1772 1083 1844 ἀπὸ
1107 1780 1239 1864 μακροῦ
1257 1777 1398 1864 διαστή-

230 1909 334 1971 ματος
357 1878 512 1970 ἀλλήλων
536 1887 729 1970 ἔμπροσθεν
756 1882 818 1970 μὲν
840 1879 886 1962 ὡς
909 1879 1145 1952 ἀποδεικτικὸν
1172 1883 1305 1972 γράψας
1330 1883 1397 1954 τὸν

191 2013 217 2053 ιι
230 1992 292 2060 τοῦ
324 1987 486 2078 Ζήνωνος
522 1989 642 2076 λόγον,
686 1991 737 2058 ἐπὶ
775 1987 958 2078 προήκοντι
997 1989 1033 2059 δὲ
1074 1995 1119 2083 τῷ
1158 1990 1397 2079 συγγράμματι

231 2095 367 2178 δεικνὺς
388 2094 494 2167 αὐτοῦ
518 2098 581 2186 τὴν
604 2098 712 2168 λύσιν.
759 2095 902 2184 εὑρίσκω
927 2097 963 2165 δὲ
993 2094 1055 2186 οὐχ
1081 2096 1196 2186 ἥκιστα
1220 2098 1281 2168 τὸν
1303 2100 1397 2188 Χρύ-

267 2309 420 2370 trassel«
445 2311 492 2386 οίμ
494 2335 524 2368 αι
543 2315 665 2370 MA.-
689 2306 762 2370 :triv
785 2318 852 2385 port
873 2309 930 2383 γάρ
954 2331 1008 2370 om.
1027 2313 1192 2370 LMABCh
1216 2315 1336 2372 inseruit
1354 2316 1396 2384 K;

231 2385 266 2442 cf.
280 2385 406 2457 Prothp
407 2393 525 2442 .66.-·
546 2383 672 2456 δμενῙ,
692 2384 782 2456 μόνον
801 2386 920 2440 MA-
943 2381 1201 2454 σφάλοιντοΙι.-
1223 2360 1396 2445 ὄαάτώῙι.

231 2404 659 2529 -ΗπῚγιιεφάλονΙι-
682 2467 710 2514 ll
733 2453 1035 2521 credelitatem.
1058 2491 1088 2499 —-

146 2691 149 2698 -
232 2642 346 2709 statim
366 2642 593 2708 obmutescens
610 2641 732 2707 animal
753 2663 827 2706 cnm
846 2640 1016 2726 vidissent,
1035 2642 1166 2707 arteriis
1186 2643 1395 2724 att'eotiopern

230 2750 325 2816 illam
347 2748 553 2814 tribuendam
578 2755 773 2815 censuerunt
801 2771 1017 2835 soporemque
1041 2751 1304 2836 appellaverunt,
1326 2774 1397 2820 non

231 2861 330 2942 recte,
354 2857 480 2943 opinor,
503 2857 568 2922 nisi
591 2857 678 2922 forte
701 2859 792 2924 vocis
817 2857 1029 2922 amissionem
1049 2880 1201 2943 soporem
1226 2859 1395 2944 appellare

232 2964 361 3051 volunt3
386 2964 432 3030 sic
457 2965 598 3031 enimin
617 2965 748 3032 nomine
772 2968 911 3046 tantum,
934 2969 1094 3049 qnantum
1113 2967 1153 3031 ad
1177 2965 1240 3032 hoo
1264 2967 1395 3050 attinet,

234 3075 352 3156 errent,
375 3072 432 3138 sed
456 3073 491 3137 in
510 3096 543 3137 re
569 3073 640 3158 ipsa
665 3080 809 3158 peccent,
834 3073 861 3137 si
882 3073 1077 3140 arteriarum
1099 3074 1245 3141 laesione
1264 3079 1394 3142 mutum

233 3180 304 3246 fieri
328 3179 451 3246 animal
475 3181 657 3265 opinentur.

323 3285 446 3354 Videor
468 3289 536 3354 iam
560 3290 642 3356 mihi
666 3290 728 3354 hnc
753 3290 959 3374 quaestione,
988 3311 1008 3354 a
1032 3289 1127 3354 eorde
1151 3289 1286 3357 cerebro
1311 3314 1353 3358 an
1377 3315 1394 3358 e

234 3395 368 3463 cerebro
391 3395 482 3462 cordi
511 3396 653 3462 facultas
684 3397 794 3482 nliqnn
818 3401 1064 3483 suggereretur,
1093 3399 1256 3482 explicata
1281 3399 1313 3465 id
1338 3400 1394 3466 nb·

154 3565 157 3570 ,
234 3503 388 3586 solvisse,
420 3503 507 3589 quod
536 3504 741 3590 thrpsrppus
771 3505 956 3571 faciendum
988 3513 1168 3572 monuerat.
1218 3507 1294 3595 Ipse
1317 3531 1394 3576 vero

217 3611 462 3698 ‚neglegentius
484 3613 517 3676 in
536 3613 583 3678 rei
604 3613 857 3697 investigatione
877 3619 1024 3678 versatus
1045 3639 1117 3680 (esse
1137 3613 1275 3700 ridetur,
1298 3615 1394 3701 quod,

234 3741 310 3786 oum
339 3719 441 3804 riam,
469 3743 534 3806 qua
562 3743 611 3786 res
637 3721 786 3804 [praesta
815 3721 1017 3805 assequenda
1045 3729 1145 3804 esset,
1176 3724 1394 3808 cognovisset,

234 3850 273 3894 ea
297 3827 346 3892 nti
368 3828 485 3894 noluit.
531 3827 621 3893 Idem
651 3829 902 3912 reprehensione
931 3829 1048 3914 dignus
1073 3837 1136 3901 est.
1165 3831 1251 3914 quod
1280 3831 1393 3898 eodem

234 3936 269 4001 in
292 3934 378 4002 libro
409 3958 468 4001 nec
497 3935 597 4022 longo
620 3936 794 4004 intervallo
824 3937 1041 4023 repugnantia
1070 3939 1155 4003 iuter
1188 3959 1259 4002 sese
1287 3940 1393 4004 dicere

234 4062 302 4109 non
329 4043 453 4108 veritus
487 4048 549 4123 est,
583 4067 655 4110 cum
688 4048 783 4108 auten
812 4045 951 4111 Zenonis
985 4046 1162 4128 rationem,
1197 4047 1292 4130 quasi
1325 4047 1392 4113 rim

235 4149 481 4218 demonstrandi
521 4152 673 4218 haberet.
716 4152 841 4236 attulit,
878 4154 1047 4236 pauluhun
1087 4175 1280 4238 progressus
1324 4156 1392 4222 aius

236 4249 467 4326 iefutntionern
496 4259 650 4326 instituit.
708 4257 912 4344 ernrnquanr
944 4283 1010 4327 non
1041 4284 1115 4328 raro
1149 4262 1231 4326 alias
1266 4285 1392 4349 quoque

235 4365 417 4437 contrarias
437 4362 617 4451 Chrysippi
642 4367 818 4432 sententias
842 4366 1049 4452 deprehendo
1074 4369 1108 4434 in
1131 4368 1245 4436 endem
1268 4369 1330 4438 hae
1354 4371 1391 4434 de
