2992 5034
599 413 644 426 -
690 357 873 444 s1a-·

139 533 285 623 γαστέρα
307 533 538 622 wopandans
560 537 663 623 φλεηδ
683 535 737 606 καὶ
760 549 834 618 ταῖς
856 539 905 618 εἰς
926 533 987 607 τὸν
1009 535 1185 625 πνεύμονα
1202 563 1300 606 κατα·

139 643 351 732 σχιζομέναις
383 638 568 732 ἀρτηρίαις·
606 641 717 726 ἁπλῶς
754 643 789 713 dl
825 641 956 714 ἅπαντα
988 648 1057 714 τῶν
1087 647 1224 734 φλεβῶν
1258 643 1299 715 τά
1347 661 1352 670 ’

138 751 266 838 πέρατα
283 753 395 838 λέγειν
414 747 517 839 cippis-3
540 749 767 823 άτοπιάτατον
792 749 952 840 οὔτεγὰρ
975 756 1034 841 τῆς
1050 756 1179 844 τροφῆς
1196 749 1300 824 οὐδὲν

138 855 253 928 αὐτῶν
276 855 360 948 άρχῆ
384 857 473 949 πλὴν
495 863 564 931 τῶν
587 861 775 949 εἰρημένων
798 857 874 931 οὔτε
898 863 956 948 τῆς
979 859 1174 948 διοικοάσης
1196 859 1300 932 δυνά·

138 987 239 1054 μεως·
267 963 356 1035 οὕτω
385 964 449 1055 γιίρ
477 967 567 1038 ἅπαν
595 973 684 1038 ἔσται
715 967 838 1058 μόριον
864 965 959 1058 ἀρχή.
1014 972 1046 1038 εἰ
1072 971 1113 1038 δέ
1136 997 1211 1040 τινα
1234 969 1342 1060 μλνῦι

139 1069 245 1162 ἀρχάς
267 1075 382 1160 ἐροῦσι
406 1079 475 1145 τῶν
492 1075 658 1164 περάτων,
680 1075 756 1146 τινὰ
781 1077 816 1147 δὲ
838 1073 900 1146 οὐκ
918 1073 1033 1166 ἀρχάς,
1056 1073 1301 1148 ἀναπόδεικτον

139 1177 308 1251 ὑπόδεσιν
335 1181 512 1272 θῆσονται.
561 1191 597 1254 τί
620 1182 685 1271 γάρ
717 1187 846 1272 μᾶλλον
873 1183 952 1253 τάδε
980 1187 1088 1253 τῶνδε
1121 1185 1300 1274 νομιστέον

138 1285 255 1378 ἀρχάς,
278 1283 355 1360 οἷον
376 1288 417 1359 ric
440 1288 523 1360 κατὰ
547 1293 733 1379 ἐγκέφαλον
755 1295 824 1361 τῶν
846 1289 929 1362 κατὰ
947 1292 1122 1381 πνεύμονα
1144 1293 1200 1362 aul
1223 1291 1300 1364 τού·

138 1423 209 1466 των
230 1394 271 1466 τά
295 1397 377 1466 κατὰ
400 1397 439 1467 τὸ
463 1389 552 1486 ἧπαρ
575 1393 596 1487 ἢ
619 1401 681 1469 τὸν
703 1403 834 1488 σπλῆνα
857 1395 1023 1470 κάιιείνων
1045 1397 1086 1468 τά
1109 1397 1193 1470 ιιατδι
1216 1397 1299 1470 ἄλλο

138 1531 170 1574 τι
203 1503 327 1592 μόριον
358 1501 378 1594 ῆ
411 1505 620 1595 σπλάγχνονς
653 1505 717 1596 δγδ
749 1511 873 1578 τοῦτον
904 1506 966 1578 τὸν
997 1507 1103 1595 λόγον
1130 1503 1211 1578 οὐδὲ
1244 1503 1340 1578 dnn

139 1610 316 1701 perprimo
347 1607 389 1682 δν
422 1609 550 1702 ῆνουσα
582 1614 673 1702 παρὰ
709 1620 771 1685 τοῦ
803 1617 1012 1687 διδασκάλου
1044 1615 1199 1697 Πέλοπος
1230 1615 1298 1684 ἐπι-

140 1720 316 1790 δεικνύναι
339 1721 551 1809 πειρωμὲνου
572 1721 634 1792 τὸν
661 1725 848 1812 ἐγκέφαλον
875 1723 1126 1794 ἁπάντωντῶν
1153 1718 1301 1812 ἀγγείων

139 1823 249 1917 άργῆν
286 1825 362 1899 οὕτε
400 1830 439 1898 ἐν
469 1833 515 1922 τῷ
552 1835 752 1920 παραχρῆμα
784 1831 1006 1922 προσηκάμην
1041 1825 1122 1902 οὔδ’
1157 1827 1301 1919 ὕστερον
1398 1833 1402 1840 ’

140 1931 432 2026 άνασκεπτόμενος
460 1936 613 2028 ἐπῄνεσα.
663 1937 703 2008 τά
736 1939 772 2009 δὲ
801 1937 866 2008 άπὸ
894 1943 954 2028 τῆς
984 1941 1132 2028 κεφαλῆς
1157 1937 1300 2025 καταφέ-

140 2053 260 2130 ρεσθαι
285 2043 448 2134 λεγόμενα
475 2047 614 2134 τέτταρα
643 2045 739 2135 ζεύγη
767 2051 904 2134 φλεβῶν
931 2049 1164 2136 δμβεβλῆσθαί
1182 2045 1220 2114 ιε’
1239 2071 1298 2134 μοι
1313 2065 1339 2107 1⁶

139 2154 237 2220 δοιιετ
262 2151 268 2242 Ι
296 2165 368 2234 τοῖς
399 2153 680 2243 ἐπιγραφομένοις
702 2151 942 2248 Ἱπποκράτους
974 2154 1210 2244 συγγράμμασι
1241 2151 1367 2228 salom

176 2429 194 2480 8
213 2417 304 2488 ariade
326 2441 377 2496 pro
395 2417 488 2494 άργᾶς
505 2423 578 2492 HM
601 2425 637 2483 oi.
657 2425 743 2483 Proll.
766 2445 794 2498 p.
813 2433 857 2484 39.
882 2457 914 2468 -
941 2432 974 2482 1³
992 2419 1071 2496 παρὰ
1090 2424 1185 2496 golpa
1202 2423 1241 2480 Μ.
1265 2451 1298 2464 -

138 2703 230 2784 nent,
253 2703 287 2765 et
305 2697 455 2784 arteriae,
478 2699 616 2786 quaein
638 2697 809 2784 pulmones
829 2699 1067 2786 diffrmduntur3
1091 2702 1127 2763 at
1149 2693 1300 2762 absolute

140 2829 255 2874 omnes
278 2828 434 2874 venarum
460 2807 684 2873 extremitates
704 2805 867 2892 principia
886 2828 1004 2873 vocare
1025 2801 1300 2871 absurdissimam

139 2919 200 3000 est,
224 2915 345 3002 quippe
365 2937 437 2982 oum
462 2937 566 3002 neque
586 2913 734 2980 alimenti
758 2937 861 3000 neque
885 2913 1107 3000 dispensantis
1131 2909 1300 2978 facultatis

141 3022 230 3090 aliud
251 3023 420 3110 quidpiam
440 3023 505 3090 nisi
525 3023 568 3106 id,
592 3021 677 3108 quod
697 3022 848 3104 diximus,
872 3045 944 3086 esse
962 3019 1161 3108 principium
1180 3017 1300 3105 possit3

140 3137 174 3198 at
199 3131 265 3198 isto
289 3131 386 3198 modo
410 3129 576 3216 quaelibet
594 3151 670 3214 pars
695 3129 892 3214 principium
916 3131 986 3195 erit
1024 3125 1148 3206 Quodsi
1172 3125 1301 3212 aliquas

140 3239 367 3306 extremitates
394 3259 466 3304 esse
494 3236 671 3323 principia,
704 3236 830 3320 aliquas
852 3259 918 3302 non
942 3259 1014 3302 esse
1042 3233 1197 3318 dixerint,
1226 3253 1301 3318 pro·

140 3348 340 3434 positionem
373 3349 520 3410 statuent
557 3343 648 3410 nulla
685 3343 965 3410 demonstratione
997 3342 1182 3428 probatam.
1237 3337 1300 3416 Qui

140 3455 229 3520 enim
253 3453 360 3540 magis
378 3451 459 3518 haec
480 3473 577 3538 quam
597 3452 653 3516 illa
678 3453 841 3538 principia
866 3457 942 3517 sunt
961 3447 1189 3532 existimanda,
1212 3444 1302 3512 velut

141 3585 225 3648 quae
245 3562 279 3628 in
300 3559 433 3626 cerebro
453 3559 560 3646 magis
580 3581 677 3644 quam
698 3583 780 3645 quae
800 3559 833 3624 in
853 3558 1017 3643 pulmone,
1040 3579 1123 3642 quae
1143 3553 1301 3620 iniecere

139 3669 192 3736 rel
216 3669 304 3736 liene
326 3691 424 3756 quam
449 3691 531 3753 quae
560 3667 593 3733 in
622 3669 790 3752 pulmone,
819 3687 965 3751 quaeque
994 3665 1027 3731 in
1055 3663 1122 3728 alia
1145 3659 1300 3748 quapiam

141 3783 235 3864 parte
269 3781 326 3844 aut
358 3777 481 3843 viscere
515 3797 611 3860 quam
646 3797 728 3860 quae
761 3775 795 3839 in
829 3773 935 3838 iecore
967 3772 1019 3838 vel
1046 3769 1156 3836 liene?
1206 3765 1300 3832 nme

141 3885 291 3972 equidem
314 3885 474 3951 rationem
504 3905 545 3948 ne
573 3887 643 3948 tum
668 3881 812 3968 quidem,
840 3901 913 3946 oum
943 3901 960 3944 e
983 3877 1119 3963 Pelope,
1148 3893 1301 3962 praecep·

140 3997 212 4060 tore
235 4015 323 4078 meo,
346 3991 401 4080 qui
426 3991 564 4077 probare
594 4011 746 4057 rasomm
772 3987 918 4054 omnium
942 3987 1103 4070 originem
1132 3981 1301 4049 cerebrum

143 4122 213 4166 esse
238 4100 434 4175 conabatur,
457 4097 720 4163 adulescentulus
745 4095 904 4176 audirem,
933 4093 1022 4160 illico
1052 4091 1169 4158 admisi
1197 4109 1301 4174 neque

143 4213 258 4294 postea
283 4229 318 4273 re
337 4207 443 4273 denuo
468 4205 630 4292 pensitato
657 4203 802 4290 probari.
839 4199 926 4268 Nam
950 4223 1031 4287 quae
1051 4223 1071 4266 a
1091 4197 1198 4284 eapite
1222 4195 1302 4262 l'erri

140 4315 295 4380 dicuntur
324 4319 466 4400 quatuor
493 4335 649 4379 ranarum
674 4311 782 4397 paria,
811 4310 933 4375 inserta
961 4309 995 4376 in
1024 4307 1192 4392 operibus,
1220 4325 1304 4391 qnae

140 4421 355 4510 Hippocratis
388 4423 519 4489 nomina
552 4419 791 4502 inscribuntur,
828 4421 861 4482 et
893 4415 1069 4484 manifesto
1101 4410 1303 4498 interpolata

1033 4521 1088 4579 ³³0
