2960 5032
658 319 922 392 .,,46,,,

229 481 355 554 dandus
383 489 447 573 est,
478 483 580 574 quod,
606 508 688 572 quae
718 487 839 552 vitioso
870 485 990 570 spiritu
1022 483 1075 550 vel
1109 487 1245 550 accentu
1278 487 1437 551 notata

183 627 186 636 ·
229 599 337 680 erant,
367 593 465 682 longe
496 593 720 680 pluraquam
748 591 954 658 Basileenses
982 593 1134 658 correxit.
1187 591 1432 678 Quamquam

229 725 297 769 non
317 691 432 768 omnia
459 701 646 767 emendavit
673 707 707 766 et
734 699 908 786 aliquoties
937 721 990 785 ea,
1018 721 1101 784 quae
1129 698 1212 765 bene
1236 721 1271 764 se
1294 697 1432 765 habe-

230 810 323 894 bant,
346 809 382 874 in
405 807 546 874 deterius
566 809 721 892 mutarit,
746 807 835 872 velut
858 831 888 894 p.
908 808 975 873 220
997 811 1075 892 post
1093 805 1190 890 med,
1215 806 1272 873 ubi
1292 803 1429 873 Char-

229 916 346 998 terius,
368 937 464 1000 quem
483 915 612 982 Kuehn.
631 921 761 982 secutus
781 920 845 1000 est,
868 915 971 980 edidit
988 910 1044 980 καὶ
1069 908 1177 990 οὕτως
1196 911 1265 978 ἐστὶ
1288 911 1432 1000 (ἐστὶν

231 1021 277 1107 Κ)
298 1017 364 1107 ἤδη
387 1023 508 1088 τινῶν
531 1023 569 1088 ἐν
590 1035 661 1101 τοῖς
684 1019 779 1110 ζῴοις
797 1019 978 1107 δυνάμεων
1002 1014 1022 1106 ἡ
1049 1020 1173 1105 καρδία
1195 1016 1302 1106 πηγή,
1330 1044 1428 1107 qua

231 1129 396 1214 scriptura
423 1132 665 1217 argumentatio
694 1130 783 1195 illius
812 1130 877 1196 loci
905 1151 1040 1216 prorsus
1068 1128 1196 1193 elevata
1224 1133 1284 1193 est.
1332 1129 1425 1196 Ga-

229 1237 322 1302 lenus
352 1237 439 1302 enirn
470 1243 643 1303 monuerat
670 1238 905 1324 probationum
934 1260 1005 1302 esse
1038 1257 1159 1324 genera
1187 1235 1266 1322 dire,
1294 1257 1424 1303 mnam

231 1365 358 1429 earum,
381 1365 463 1428 quae
487 1365 526 1408 ex
550 1345 653 1430 ipsius
678 1347 739 1430 rei,
767 1346 806 1411 de
830 1365 894 1432 qna
918 1344 1101 1431 quaeritur,
1128 1343 1318 1408 substantia
1341 1367 1421 1428 pe-

231 1453 390 1536 terentur,
418 1451 556 1516 alterum
581 1475 705 1538 eurum,
734 1475 818 1538 quae
842 1453 1043 1518 extrinsecus
1072 1455 1182 1516 essent
1205 1451 1420 1538 sumendam

232 1557 362 1642 inille,
385 1579 451 1622 non
474 1558 509 1622 in
533 1558 594 1624 hoc
623 1581 740 1644 grutere
765 1561 909 1642 positam
933 1581 1003 1623 esse
1032 1555 1186 1642 μέθοδον
1209 1552 1419 1623 dnoueme-

231 1661 310 1749 κήνς
329 1686 409 1751 ergo
428 1665 457 1729 si
476 1665 549 1750 quis
569 1666 793 1731 demonstrare
809 1667 906 1730 vellet
926 1667 961 1732 iu
979 1667 1076 1732 corde
1091 1687 1162 1730 esse
1182 1665 1284 1730 animi
1307 1667 1418 1751 prin·

231 1773 391 1857 cipetum,
419 1773 562 1857 primum
591 1779 742 1858 oportere
773 1797 940 1860 quaerere,
968 1774 1046 1858 quid
1070 1777 1157 1837 esset
1180 1772 1416 1858 principatus,

148 1934 150 1938 .
233 1877 395 1954 Quoniam
419 1883 529 1944 autern
553 1887 639 1946 esset
662 1882 880 1966 principatus,
908 1879 991 1944 unde
1021 1885 1053 1944 et
1080 1902 1195 1945 seusus
1219 1885 1253 1945 et
1275 1886 1414 1968 motus,

233 1985 289 2071 qui
311 2009 370 2072 per
393 1988 631 2072 appetitionem
655 1991 759 2072 lieret,
783 1987 980 2072 principium
1002 1990 1102 2070 esset,
1126 1986 1219 2053 illam
1238 1989 1277 2054 de
1299 1993 1413 2055 corde

233 2094 429 2160 sententiam
467 2115 533 2160 nou
571 2095 700 2161 aliunde
737 2119 835 2180 posse
872 2094 1007 2180 probari
1042 2095 1108 2159 uisi
1147 2119 1185 2160 ex
1218 2118 1271 2180 eo,
1308 2101 1410 2182 quod

234 2223 364 2268 omnem
392 2203 426 2265 et
453 2222 584 2267 sensum
612 2207 646 2268 et
672 2207 799 2267 motum
827 2203 1050 2268 voluntarium
1074 2224 1091 2266 e
1116 2202 1212 2266 corde
1238 2225 1299 2287 per
1321 2206 1410 2271 reli·

233 2330 298 2393 qua
321 2307 538 2374 animantium
569 2331 707 2394 corpora
731 2332 863 2374 manare
891 2309 1178 2375 demonstraretur.
1223 2311 1259 2375 ld
1284 2317 1407 2380 auteur

232 2417 324 2482 nulla
347 2415 414 2482 alia
437 2438 471 2480 re
495 2417 565 2480 fieri
588 2439 685 2500 posse
708 2417 772 2482 nisi
797 2417 967 2482 incidendo
991 2418 1231 2503 aperiendoque
1255 2441 1407 2504 corpora

234 2524 439 2608 animalium
464 2520 529 2586 ‘aad
555 2518 661 2598 οὕτως
685 2521 776 2588 ἐστὶν
801 2520 862 2606 ἥοη
892 2525 995 2588 τινῶν
1020 2524 1057 2588 ἐν
1079 2537 1150 2603 τοῖς
1173 2522 1269 2614 ζῴοις
1291 2525 1406 2592 davd-

233 2653 325 2716 pean
352 2626 372 2718 ἡ
400 2633 521 2714 καρὸία
550 2629 654 2714 aalys?
684 2632 827 2696 Galenus
856 2631 1083 2698 concluderet?
1133 2633 1241 2700 Immo
1266 2636 1312 2700 sie
1342 2635 1405 2700 de-

235 2740 308 2805 buit
331 2739 536 2806 concludere:
566 2738 678 2824 ‘atque
708 2739 756 2803 ita
779 2740 909 2803 demum
927 2739 1127 2822 perspicimur
1150 2743 1221 2819 erit,
1245 2763 1406 2824 pirorum-

234 2869 307 2912 nom
337 2848 371 2913 in
401 2847 598 2912 animalibus
627 2868 683 2912 eor
710 2847 905 2912 facultatum
937 2845 1011 2912 fons
1040 2847 1187 2912 exsistat.
1238 2849 1283 2913 Et
1312 2849 1405 2916 talia

235 2953 396 3020 Galerium
419 2953 590 3038 scripsisse
619 2976 657 3018 ex
681 2953 776 3018 MAB
801 2954 998 3037 scripturam
1019 2957 1140 3019 τίνων
1159 2957 1403 3040 praebentibus

234 3060 344 3126 videre
364 3061 449 3125 licet.
486 3067 576 3136 Quae
601 3061 794 3126 antecedunt
817 3063 929 3144 rerba,
952 3084 1018 3126 non
1038 3062 1166 3147 integra
1186 3071 1274 3146 sunt3
1299 3063 1401 3133 MAG

235 3169 394 3254 scriptum
423 3167 546 3234 habent
576 3167 629 3233 καὶ
662 3164 768 3245 οὕτως
798 3172 907 3251 ἔχειν
938 3165 1017 3252 ἢὸηι
1048 3169 1255 3236 Busileenses
1287 3173 1402 3239 conie-

235 3281 349 3342 cerunt
371 3273 427 3340 καὶ
451 3271 558 3353 οὕτως
584 3275 663 3341 ἐστὶ
696 3273 769 3360 iidp.
814 3275 898 3341 Mihi
921 3277 1051 3360 quidem
1079 3300 1175 3342 usum
1200 3277 1317 3344 (taleni
1346 3305 1400 3346 re·

235 3384 386 3470 spicienti
406 3405 473 3450 non
490 3383 625 3449 dubium
646 3394 695 3448 est
714 3385 793 3469 (puin
814 3407 889 3448 vera
909 3385 978 3449 eius
998 3407 1114 3450 manus
1133 3387 1191 3451 sit:
1215 3386 1268 3452 aul
1288 3383 1401 3468 οὕτως

235 3492 454 3558 incivitate
479 3486 557 3577 ἤθη,
582 3497 701 3557 τίνων
724 3515 752 3555 κ.
777 3515 802 3555 r.
825 3496 854 3556 λ.

323 3599 435 3666 Etiam
468 3599 534 3666 alio
566 3600 639 3665 loeo
672 3601 764 3684 apice
797 3601 882 3666 salso
916 3602 1069 3684 apposito
1103 3602 1162 3666 Cb.
1196 3605 1397 3672 sententium

235 3709 391 3794 eorrupit.
437 3707 471 3772 P.
494 3709 559 3772 354
587 3712 662 3794 post
688 3707 729 3772 iu.
754 3713 786 3772 et
809 3708 864 3772 ille
888 3715 920 3772 et
947 3709 1072 3774 linehn.
1097 3711 1312 3796 scripserinrt:
1336 3709 1399 3790 τὰς

235 3813 351 3900 τέχνας
374 3811 503 3892 ἁπάσας
526 3814 563 3880 ἐν
585 3817 625 3901 tp
648 3817 769 3902 καρὸία
789 3815 1032 3900 συνισταμένας
1055 3813 1112 3882 διὰ
1134 3815 1196 3883 τὸν
1219 3816 1323 3902 λόγον
1347 3823 1398 3898 εἰς

236 3919 272 3990 τὸ
292 3919 443 4006 φανερὸν
457 3919 678 4007 ἐκφερόμενοί
694 3948 781 4000 τινες
799 3921 891 4008 λόγοι
914 3921 969 3988 dri<
990 3925 1047 4016 ripe
1065 3927 1212 4010 κεφαλῆς
1231 3925 1397 4006 ἐξίασιν.

236 4031 331 4096 Man
350 4035 451 4095 reete:
476 4029 629 4109 ἐξιᾶσιν
652 4033 671 4096 i.
692 4055 717 4096 e.
737 4033 900 4098 emittunt.
937 4033 1056 4098 Levius
1081 4038 1143 4118 est,
1168 4033 1253 4119 qrreid
1277 4057 1308 4121 p.
1330 4037 1394 4100 ies

237 4134 285 4204 ὄτι
307 4135 345 4204 τὰ
365 4133 450 4203 αὐτὰ
475 4135 648 4223 γράμματά
674 4138 758 4204 ἐστι’
778 4165 845 4206 που
863 4139 915 4204 καὶ
937 4136 1056 4206 ἄλλοθι
1083 4147 1181 4226 μείζω
1208 4165 1266 4228 pro
1290 4142 1396 4228 γραμ-

236 4271 322 4334 ματα
346 4249 425 4311 ἔστι
451 4267 516 4311 που
539 4271 568 4310 κ.
590 4271 617 4312 τ.
640 4251 668 4311 λ.
691 4247 800 4312 edidit.
844 4247 882 4314 lu
906 4251 1023 4314 ceteris
1047 4251 1196 4335 partibus
1220 4251 1394 4340 orthogra-

236 4354 334 4444 phiae
361 4375 428 4420 nou
453 4375 560 4440 pauca
588 4355 705 4420 vitiose
732 4355 766 4422 in
790 4357 819 4422 ,l
843 4357 980 4444 scripta,
1008 4359 1142 4446 epieiell
1172 4359 1297 4426 intacta
1321 4365 1394 4428 reli-
