3024 5022
671 307 919 373 -392-

214 467 395 534 συστέλλει.
435 473 544 534 καίτοι
567 462 647 535 odoi
670 465 708 534 τὸ
732 465 931 552 πρόσφατον
955 467 1056 554 ἐχρῆν
1079 467 1256 554 ἐγκεῖσθαι,
1275 471 1382 556 notai

148 572 277 646 λλλτὸν
300 571 399 660 όρον,
423 583 514 660 εἰπερ
538 570 650 661 ἀληθῆ
674 572 714 640 τὰ
742 580 949 659 Χρυσίππου.
994 571 1077 642 κατὰ
1105 573 1170 661 γάρ
1198 573 1261 661 τὴν
1292 574 1382 661 γναό·

214 707 283 769 μην
305 677 411 749 αὐτοῦ
434 685 564 769 μᾶλλον
591 679 739 767 μεγάλου
767 685 873 748 κακοῦ
897 677 916 768 ἢ
940 677 1247 769 άνυπομονήτουῆ
1276 679 1376 770 άκαρ

214 787 366 876 τερὴτου,
380 788 533 875 καθάπερ
549 785 650 868 αὐτὸς
668 797 791 856 εἴωθεν
806 784 995 876 ὀνομάζειν,
1013 787 1076 876 τὴν
1091 788 1203 874 λύπην
1218 792 1381 876 εἰρῆσθαι

188 899 285 964 sedo
310 896 425 983 δόξαν,
450 892 492 964 ori
515 894 722 982 πρόσφατον.
760 901 846 964 ἔνθα
865 900 920 964 καὶ
941 896 1082 984 διχόθεν
1105 893 1124 965 ὁ
1144 897 1384 992 Ποσειόόνιος

216 999 380 1091 ἀντιλέγει
416 1007 462 1096 τῷ
502 1009 700 1094 Χρυσίππῳ,
742 1007 825 1072 κατὰ
862 1003 925 1091 μὲν
959 1008 1084 1096 Ιτοῦτον
1116 1001 1177 1072 τὸν
1216 1003 1383 1090 δεύτερον

216 1109 360 1200 ὁρισμὸν
388 1108 653 1199 ἀναμιμνήσκων
681 1114 749 1178 τῶν
777 1135 810 1178 τε
838 1115 958 1198 σοφῶν
990 1113 1045 1180 καὶ
1073 1115 1142 1180 τῶν
1170 1111 1382 1199 προκοπτόν-

215 1245 300 1306 των,
328 1216 374 1300 ὦς
401 1225 594 1307 ἔμπροσθεν
617 1227 758 1305 είρηται·
788 1222 824 1286 οί
848 1219 911 1306 μὲν
941 1217 1006 1305 γάρ
1035 1219 1072 1286 ἐν
1099 1224 1269 1304 μεγίστοις
1297 1215 1381 1306 άγα-

216 1335 309 1410 dors,
346 1329 382 1394 οί
410 1326 446 1396 δὲ
479 1328 517 1394 εἰν
554 1331 722 1413 μεγίστοις
753 1340 868 1405 κακοῖς
900 1325 1041 1406 ἑαυτοὺς
1077 1323 1381 1413 ὑπολαμβάνοντες

177 1457 203 1496 ιο
217 1431 305 1502 εἶναι
333 1431 424 1522 ὅμως
451 1431 492 1502 οὐ
524 1440 677 1520 γίνονται
706 1431 762 1500 διὰ
791 1437 890 1502 τοῦτο
921 1436 959 1502 εὐ
987 1431 1105 1520 πάθει·
1135 1432 1221 1503 κατὰ
1250 1433 1286 1502 δὲ
1315 1433 1382 1502 τὸν

216 1545 351 1630 πρῶτον
381 1542 487 1631 ἐρωτᾷ
518 1539 582 1628 τὴν
614 1545 744 1626 αἰτίαν,
782 1538 838 1610 διὰ
869 1537 913 1628 ἣν
942 1537 1004 1628 οὐχ
1036 1538 1057 1628 ἡ
1089 1544 1148 1627 της
1180 1543 1241 1609 τοῦ
1270 1546 1382 1610 κακοῦ

216 1654 404 1737 παρουσίας
435 1649 518 1731 δόξα
550 1647 613 1736 τὴν
643 1646 771 1735 λύπην,
804 1644 888 1715 ἀλλὰ
921 1645 942 1736 ἡ
975 1647 1170 1734 πρόσφατος
1208 1647 1381 1736 ἐργάζεται

217 1755 375 1844 μόνη...
398 1761 458 1824 καί
473 1777 567 1843 φησι,
588 1754 674 1824 διότι
693 1759 761 1822 πᾶν
779 1754 816 1822 τὸ
837 1752 1024 1842 ἀμέτρητον
1046 1757 1100 1823 καὶ
1121 1755 1220 1838 ξεύον
1242 1752 1383 1844 ἀθρόως

217 1877 429 1949 προσπίπτον
457 1862 627 1950 ἐκπλήττει
651 1887 684 1929 τε
708 1863 762 1929 καὶ
787 1866 855 1932 τῶν
878 1866 1030 1932 παλαιάν
1054 1865 1200 1951 ἐξίστησι
1224 1869 1381 1950 κρίσεων,

180 1993 204 2032 υ
218 1968 370 2057 ἀσκηθὲν
398 1969 435 2038 dt
463 1971 518 2038 καὶ
542 1969 752 2038 συνεθισθὲν
779 1971 834 2038 καὶ
862 1965 1069 2058 χρονίσανῆ
1099 1967 1179 2040 ccidi
1207 1969 1293 2052 ὅλως
1316 1973 1382 2053 ἐξί-

219 2097 349 2165 στησιν,
373 2074 420 2158 τός
441 2074 524 2146 κατὰ
542 2077 655 2157 πάθος
678 2091 794 2162 κινεῖν,
821 2073 838 2163 ἢ
863 2077 915 2144 ἐπὶ
938 2076 1061 2164 μικρὸν
1083 2083 1220 2168 κομιδῇ*
1244 2078 1296 2148 διὸ
1321 2082 1380 2148 καὶ

258 2285 270 2332 1
292 2271 443 2347 ἕγγείσθαι
457 2275 494 2331 M.
510 2306 543 2316 -
563 2282 579 2330 3
599 2269 652 2344 τὴν
666 2269 791 2346 μεγάλου
807 2273 835 2327 Μ
850 2275 900 2328 τοῦ
914 2296 943 2360 γ.
958 2275 1102 2339 AsschK;
1123 2277 1280 2334 Articulum
1294 2275 1380 2333 eieci-

219 2367 297 2416 mus3
321 2348 357 2404 cf.
381 2347 466 2403 Proil.
490 2365 517 2418 p.
544 2353 603 2402 llo.
627 2377 661 2386 -
687 2354 704 2401 4
728 2345 862 2414 εἰρῆσθαι
886 2347 976 2412 δοξαν
1000 2347 1133 2403 MABCb
1161 2347 1212 2416 είρ.
1242 2345 1329 2418 ἐχρῆν
1352 2351 1381 2404 δ.

220 2419 301 2476 Corn.
326 2417 377 2489 είρ.
403 2417 462 2474 ἔδει
486 2423 512 2476 d.
531 2417 564 2474 Κ.
590 2449 622 2458 -
653 2425 668 2472 5
692 2413 859 2488 προσφάτου
884 2417 964 2474 codd.
990 2418 1053 2474 cdd.
1077 2415 1243 2488 πρόσφατον
1267 2437 1324 2476 nos.
1345 2451 1380 2461 -

220 2497 237 2549 8
257 2489 285 2550 εἰ
301 2489 355 2562 μὲν
373 2492 411 2546 M.
430 2521 466 2532 -
491 2497 522 2546 13
542 2493 609 2545 autc
629 2491 680 2544 καί
697 2509 767 2558 φησι
791 2493 837 2556 (sc.
858 2485 1037 2558 ‚i'ocioran033
1060 2492 1096 2545 cf.
1117 2492 1185 2546 nuk.
1205 2492 1296 2548 Postu.
1316 2493 1381 2548 reti.

241 2567 330 2628 .204)
355 2563 491 2618 nonnulla
514 2561 650 2618 excidisse
674 2561 813 2617 ridentur.
838 2593 871 2603 -
900 2569 930 2617 14
957 2557 1086 2618 ἐκπίπτει
1105 2561 1241 2620 MABGb
1265 2559 1387 2620 ἕκπτοει·

220 2583 298 2692 boko
318 2629 467 2704 ἐκπλήττει
485 2634 518 2690 K.
540 2665 573 2674 -

221 2837 428 2923 Quamquam
451 2857 492 2901 nc
518 2856 631 2900 recens
660 2833 789 2920 quidem
814 2835 893 2919 poui
920 2833 1035 2900 debuit
1060 2833 1096 2900 in
1123 2834 1327 2920 definitione,
1351 2835 1381 2902 si

221 2944 353 3030 quidem
380 2964 458 3008 vcra
490 2947 580 3026 sunt,
610 2965 693 3027 quae
717 2940 920 3028 Chrysippus
949 2941 1040 3008 dixit.
1090 2941 1178 3010 Nam
1207 2966 1246 3008 ex
1273 2943 1379 3028 ipsius

222 3051 386 3117 sententia
408 3051 520 3138 magni
544 3050 624 3116 mali
648 3049 759 3134 potius
783 3051 971 3136 opinionem
995 3030 1052 3116 ont
1079 3051 1299 3117 intolerabilis
1323 3055 1381 3116 urit

222 3158 434 3244 impetibilis,
461 3161 499 3222 ut
520 3157 592 3242 ipsa
616 3157 700 3224 solet
723 3159 904 3242 appellare,
933 3157 1173 3244 aegritudinem
1195 3157 1381 3244 dioiopor·

222 3266 301 3350 tuit,
327 3288 394 3332 non
417 3271 589 3330 recentem.
633 3263 698 3330 Hic
728 3266 828 3330 etiam
857 3265 982 3330 duabus
1010 3287 1049 3330 cx
1072 3264 1223 3354 partibus
1246 3265 1382 3332 Posido·

222 3373 295 3440 nius
315 3371 537 3459 Chrysippum
556 3373 738 3459 impugnat.
774 3372 812 3438 In
835 3373 896 3438 bae
921 3372 1102 3457 posteriore
1121 3373 1252 3458 quidem
1270 3373 1384 3439 defini-

224 3480 313 3546 tione
343 3479 542 3546 mentionem
565 3481 661 3564 facit,
689 3484 725 3546 ut
754 3479 1032 3566 supradiximus,
1059 3483 1093 3544 ct
1120 3479 1320 3566 sapientium
1348 3485 1383 3546 et

223 3587 480 3673 proficientium,
507 3610 646 3673 qnorum
674 3587 724 3654 illi
751 3588 786 3654 in
814 3587 951 3652 summis
980 3587 1089 3670 bouis,
1116 3586 1151 3654 hi
1180 3588 1215 3654 in
1242 3589 1383 3654 summis

224 3693 321 3760 melis
345 3717 379 3758 sc
399 3717 470 3759 csse
494 3695 666 3780 opinantes
689 3717 895 3780 norpraqnam
919 3699 1030 3760 torncn
1052 3695 1173 3761 idcirco
1197 3695 1232 3760 iu
1254 3699 1382 3782 pertur-

225 3803 393 3868 bationem
416 3803 576 3888 incidant3
599 3803 634 3868 in
657 3804 765 3888 priore
790 3809 900 3869 autem
919 3825 1051 3868 causam
1074 3803 1212 3887 quaerit,
1235 3824 1293 3868 cur
1315 3825 1384 3870 non

225 3910 407 3996 praeacutis
431 3911 510 3976 mali
537 3911 662 3995 opinio,
686 3910 742 3976 sed
765 3931 877 3975 recens
900 3915 1030 3976 tantum
1050 3909 1288 3996 aegritudinem
1312 3909 1383 3978 effi-

225 4017 302 4084 ciat.
316 4067 324 4084 .
338 4067 368 4084 ..
417 4017 585 4104 Dicitque,
618 4023 791 4103 propterea
825 4017 911 4104 quod
939 4039 1035 4083 omne
1068 4017 1321 4084 immoderatum
1350 4023 1386 4085 et

224 4147 357 4209 novum,
380 4125 408 4190 si
427 4129 559 4211 repente
577 4126 739 4208 inciderit,
758 4133 901 4192 mentem
920 4124 1072 4190 exturbat
1092 4131 1189 4211 atque
1208 4147 1246 4190 ex
1264 4125 1384 4212 priori·

225 4231 286 4298 bns
309 4231 438 4298 iudiciis
462 4232 576 4314 deicit,
604 4257 664 4298 usu
693 4239 803 4300 autem
827 4241 859 4298 et
886 4231 1120 4298 cousuetudine
1143 4239 1309 4319 receptum
1335 4233 1384 4300 iu·

227 4343 472 4426 veteratumquc
509 4345 565 4407 unt
605 4341 739 4408 omuino
772 4363 839 4408 non
876 4339 989 4427 deicit,
1026 4343 1064 4407 ut
1099 4341 1385 4428 perturbationem
