2960 5032
600 357 847 422 -rra-

123 533 182 582 στ.
204 507 244 580 θ’
270 509 352 600 ἀμα;
376 539 406 602 p.
429 517 496 582 450
520 525 595 584 ante
619 519 702 584 med.
726 519 760 584 in
783 518 878 586 Lnn
902 513 1015 586 adreio
1038 515 1179 588 κατὰτὸ
1204 521 1300 607 σῶμα

125 647 193 710 pro
222 623 292 690 τῶν
318 649 346 690 κ.
369 649 397 691 τ.
420 644 465 704 σ.,
493 650 523 712 p.
550 629 613 693 rol
644 628 688 692 iu.
716 621 795 692 καθ’
827 624 967 710 ἑκάτερα
994 649 1055 714 pro
1083 623 1163 694 καθ’
1194 627 1301 716 ἕτερα,

126 756 164 820 p.
187 733 255 799 487
280 742 356 800 aute
380 736 461 801 med.
485 736 518 801 in
543 735 609 802 MA
634 731 791 819 ἤδοντος,
814 737 849 802 iu
872 735 899 802 L
926 731 988 820 ip'dp
1013 731 1113 814 ὄντος
1134 725 1303 824 providear

127 843 294 928 scriplum
317 843 511 910 invenimus,
558 843 648 910 llaec
673 846 782 912 omnia
809 869 825 910 e
850 845 1015 910 commemi
1038 845 1130 912 fonte
1153 845 1302 913 derivata

129 975 206 1018 esse
230 951 304 1038 quia
327 975 394 1020 nou
417 953 595 1020 concedet?
636 953 686 1020 Ex
712 955 826 1020 eodeni
851 960 961 1018 autern
985 955 1076 1020 l'onle
1100 953 1183 1020 vilia
1206 975 1302 1042 quac-

129 1059 225 1144 ‹lam,
248 1083 331 1147 quae
351 1061 385 1127 iu
405 1083 506 1146 pram
527 1061 760 1128 vocabulorum
782 1061 991 1148 separatione
1011 1067 1202 1148 cernuntur,
1223 1062 1302 1129 utri·

130 1191 196 1254 que
219 1167 367 1236 scuriliae
391 1171 576 1238 communia
601 1171 777 1254 lluueruui,
801 1169 891 1236 uelut
915 1193 945 1256 p.
969 1169 1034 1236 :218
1060 1170 1121 1236 sub
1145 1173 1213 1257 lim,
1242 1171 1301 1238 ubi

131 1275 201 1343 MA
230 1271 329 1342 πάντ’
362 1266 426 1344 οὖν
456 1274 519 1344 ὅσα
548 1277 635 1364 περὶ
668 1273 713 1344 τά
742 1279 811 1344 τῶν
842 1275 1107 1362 ἐπιχειρημάτων
1136 1277 1217 1364 (ἕγχ.
1249 1277 1300 1368 Μ)

133 1386 308 1472 μηρίνθοις
336 1386 418 1454 illud
446 1385 521 1474 περὶ
550 1383 591 1453 τὰ
618 1387 826 1454 Basileeuaes
856 1386 1009 1452 rideruni
1035 1391 1151 1454 nalum
1182 1410 1253 1454 esse
1283 1410 1301 1452 e

134 1494 221 1560 male
245 1495 401 1562 distracto
426 1497 587 1562 uocabulo
610 1491 761 1578 περιττάι
786 1493 811 1560 C
834 1494 936 1560 habet
958 1487 1056 1560 πάντ’
1083 1483 1148 1562 οὖν
1170 1491 1211 1562 τά
1234 1519 1301 1562 τοι·

135 1603 221 1668 αὐτα
250 1603 319 1670 τῶν
354 1601 451 1690 ι’τιιχ..
482 1605 568 1690 quod
603 1605 687 1670 nihil
718 1604 807 1670 aliud
836 1604 902 1669 nisi
941 1603 1178 1671 correctionem
1210 1605 1300 1670 illius

135 1709 210 1794 περὶ
233 1707 274 1776 τά
297 1713 332 1778 in
356 1713 534 1800 exemplari
558 1713 730 1800 proposito
754 1713 876 1798 reperti
900 1735 971 1778 esse
995 1717 1143 1800 apparet.

225 1819 296 1888 Iam
327 1827 365 1888 ut
394 1822 436 1888 ab
466 1821 523 1906 iis,
558 1843 640 1908 quae
672 1827 786 1888 eontra
821 1836 909 1886 reete
943 1819 1107 1888 scribendi
1137 1820 1300 1888 rationem

135 1933 269 2016 peccatu
294 1951 365 1996 esse
394 1929 576 2016 generatim
606 1931 833 2016 exposuimus,
863 1929 903 1994 ad
932 1929 1127 2016 singularia,
1154 1951 1238 2016 quae
1265 1930 1301 1996 in

134 2037 224 2103 exilu
255 2039 490 2105 vocabulorum
523 2037 668 2104 admissa
705 2043 793 2122 siml,
830 2039 911 2104 uitia
950 2037 1198 2122 demandamus,
1232 2061 1301 2106 non

134 2167 240 2230 pauca
262 2147 466 2233 repperimus
496 2169 534 2212 ex
558 2147 725 2214 communi
755 2147 882 2232 origine
909 2147 1066 2232 profecta.
1112 2145 1300 2214 Eorundem

133 2253 221 2319 enim
253 2255 425 2321 nominum
457 2255 707 2322 terminationes
736 2271 758 2320 ο
784 2255 835 2319 rel
866 2277 886 2318 ν
916 2277 989 2320 euru
1014 2279 1026 2320 ι
1050 2253 1216 2340 adscripto
1242 2253 1300 2320 ha·

134 2363 214 2428 beni
236 2368 453 2448 commutata,
476 2363 566 2428 velut
589 2365 623 2428 in
646 2361 741 2428 Mun
765 2385 796 2448 p.
816 2363 881 2428 514
902 2385 932 2447 p.
951 2363 994 2428 in.
1018 2363 1086 2428 τῶν
1109 2361 1301 2448 λεγομένων

133 2493 195 2555 pro
224 2471 270 2560 τῷ
298 2468 483 2559 λιμομίνω,
511 2495 542 2557 p.
571 2473 634 2539 431
667 2471 727 2536 uub
751 2471 773 2536 f.
801 2469 1027 2556 προκειμένην
1053 2465 1167 2538 αὐτῶν
1196 2494 1301 2557 τραγ·

132 2583 274 2662 μιιτείαν
296 2601 357 2666 pro
380 2601 412 2646 a.
436 2572 526 2668 αὐτῷ
550 2603 604 2662 τιρ.
628 2577 677 2666 (in
695 2577 750 2644 FP
770 2593 857 2644 reete
877 2587 1059 2644 correctum
1080 2577 1158 2668 est),
1181 2603 1214 2666 p.
1232 2579 1299 2646 229

134 2709 165 2771 p.
188 2710 230 2752 m.
254 2687 288 2754 in
312 2685 378 2754 Mn
401 2688 440 2772 τῆ
465 2683 527 2773 μὲν
549 2725 593 2736 ·—
617 2687 663 2772 τῇ
683 2683 735 2756 dl.
764 2688 797 2752 iu
827 2685 852 2752 C
880 2687 920 2770 rip
944 2683 1007 2772 plu
1031 2725 1072 2734 -—
1096 2687 1155 2772 τῆς
1179 2684 1220 2752 δέ
1239 2709 1299 2772 pro

132 2795 192 2880 rig
218 2791 282 2880 pir
305 2833 349 2844 —-
372 2797 430 2880 τῆς
458 2793 499 2861 de'
526 2795 684 2880 seriptum
714 2799 772 2860 esi.
825 2795 916 2860 Adde
946 2795 1032 2882 quod
1055 2820 1093 2878 ιι,
1121 2819 1161 2872 ας
1189 2800 1223 2860 et
1245 2820 1300 2878 αν,

132 2927 192 2984 ον,
219 2927 262 2970 ον
289 2907 324 2970 cl
350 2927 377 2970 ω
401 2903 471 2992 (ῳ),
500 2907 578 2969 oei
608 2927 626 2968 v
654 2903 689 2970 in
717 2903 805 2968 exilu
830 2903 1006 2970 eorundem
1028 2905 1199 2970 nominum
1224 2926 1298 2972 con·

132 3011 207 3076 fusa
225 3011 449 3098 inveniuntur3
474 3033 505 3098 p.
525 3012 588 3078 217
608 3034 639 3097 p.
660 3035 702 3078 m
722 3009 814 3078 cun
833 3013 1001 3094 προιοῦοα
1019 3035 1079 3098 pro
1098 3013 1300 3098 προιοῦσιν,

133 3141 165 3205 p.
188 3121 249 3186 261
278 3141 321 3188 m
343 3119 439 3186 LMA
467 3113 640 3206 ἀμφότερα
663 3141 723 3204 pro
746 3113 952 3205 ἀμφοτέρας,
981 3142 1011 3205 p.
1034 3120 1097 3186 301
1129 3125 1210 3187 extr.
1235 3119 1298 3188 ΒΜ

132 3223 281 3312 θάτερον
303 3221 437 3314 ὀλίγον,
461 3229 492 3296 Α
516 3234 551 3294 θ.
574 3221 700 3312 ὀλίγων
727 3249 786 3313 pro
811 3225 960 3314 θατέρου
983 3221 1155 3314 ‹iliram-p.
1178 3229 1244 3296 229
1268 3253 1317 3316 μ..

134 3357 177 3402 m.
200 3335 292 3403 rna
317 3333 497 3424 ὁννάμεων
520 3329 627 3401 αὐτοῦ
650 3357 710 3421 pro
735 3335 765 3400 d.
788 3329 894 3424 αὐτῷ,
918 3359 949 3422 p.
972 3335 1039 3400 299
1063 3357 1105 3403 m.
1128 3329 1214 3424 ἀρχὴ
1237 3338 1300 3404 τοῦ

135 3439 220 3532 ζῴου
247 3468 308 3532 pro
336 3439 368 3512 ἀ.
390 3447 435 3536 τῷ
465 3441 552 3534 ζῴῳ,
580 3469 611 3532 p.
634 3445 701 3510 loo
724 3467 767 3510 m.
791 3443 885 3510 Lnn
914 3443 982 3510 τῶν
1010 3437 1158 3528 ἀκαίρως
1181 3441 1299 3512 ἐπιθυ-

133 3553 221 3636 μιῶν
239 3577 299 3639 pro
321 3579 349 3620 τ.
367 3547 517 3636 ἀκαίρων
541 3551 581 3625 ἐ..
605 3575 635 3638 p.
655 3555 721 3620 383
741 3554 784 3620 in.
808 3545 912 3632 ἀξιῶν
935 3545 1042 3618 αὐτόν
1064 3575 1125 3638 pro
1148 3545 1180 3618 ἀ.
1198 3547 1300 3632 αὐτός

134 3661 305 3745 praebent:
324 3663 422 3728 iidem
444 3685 473 3748 p.
493 3663 559 3728 468
580 3685 622 3727 nr.
640 3657 848 3738 τελειοτάτας
867 3683 926 3746 pro
946 3656 1161 3745 τελειότητιις.
1193 3659 1298 3727 llulia

134 3769 233 3836 etiarn
262 3770 344 3836 riliu
371 3793 409 3836 ex
440 3770 639 3836 adsimulato
668 3771 819 3856 proxiruo
842 3768 968 3836 nomini
993 3769 1082 3834 exitu
1106 3773 1184 3834 nuta
1208 3773 1299 3836 sunl:

135 3901 164 3964 μ.
186 3879 252 3944 494
281 3901 309 3944 n
325 3899 380 3944 'rm
408 3877 503 3944 MAL
532 3875 806 3964 κοινωνήσαντας
833 3877 1013 3962 αἱροῦντος
1044 3900 1104 3962 pro
1134 3873 1300 3964 κοινωνή-

134 4003 239 4053 σαντα
270 3987 338 4072 αίρ.
365 3986 527 4070 scribunt,
555 4008 586 4073 p.
609 3987 676 4052 463
700 4009 731 4074 p.
756 3983 893 4068 inrupi
920 3981 955 4050 dl
983 3986 1040 4070 τῆς
1063 3980 1162 4070 ἣττης
1184 4007 1218 4052 τε
1242 3983 1298 4052 καί

133 4095 191 4178 τῆς
219 4087 352 4182 ἀτιμίας
380 4089 427 4172 ὡς
455 4091 540 4160 κακὰ
575 4119 635 4182 pro
665 4089 712 4174 ὡς
747 4095 876 4165 κιικωνε
906 4095 988 4162 illud
1019 4089 1103 4160 κακά
1137 4117 1175 4162 ex
1208 4097 1298 4160 anle-

133 4203 259 4270 cedenti
282 4197 329 4281 ὦς
350 4197 465 4288 ἀγιιθά
494 4205 658 4271 contrarie
688 4205 793 4272 relato
821 4211 928 4270 orium
955 4225 1025 4268 esse
1049 4203 1147 4270 l'acile
1170 4203 1298 4271 intelle·

132 4311 234 4400 girum
266 4335 298 4400 p.
331 4313 396 4379 293
425 4317 505 4378 extr.
533 4311 596 4379 Llll
629 4307 647 4379 ὁ
679 4307 791 4400 θυμὸς
822 4305 936 4378 αὐτῶν
967 4311 1037 4377 τῶν
1068 4311 1206 4396 φρενῶν
1237 4333 1298 4398 pro

132 4413 238 4488 αὐτὸν
266 4443 294 4488 τ.
323 4443 398 4508 φρ,
428 4421 516 4508 quod
545 4419 687 4488 Aldinae
722 4425 873 4488 auclores
908 4421 1135 4508 restituemul5
1169 4441 1201 4508 p.
1231 4417 1298 4486 385
