2976 5028
705 272 951 338 ..350-

197 479 201 488 ·
241 432 351 524 ὄνομα
373 433 429 502 καὶ
448 429 531 502 κατά
549 430 613 520 μὲν
634 431 698 520 τὴν
718 429 876 519 ἐξήγησιν
895 433 957 500 τοῦ
975 429 1060 520 ὅρου
1077 431 1142 521 τὴν
1160 425 1237 502 οἷον
1254 435 1394 520 περίσκε-

225 557 303 625 Ιμιν
326 544 484 630 εἰρῆσθαι
507 548 631 628 κρίσιν,
654 538 700 620 ὡς
723 537 810 608 εἶναι
832 537 871 608 τὸ
892 537 975 608 άνευ
992 547 1133 628 κρίσεως
1156 539 1396 634 {conspicuo

241 650 475 738 περισκέψεως,
499 654 585 717 ἔνθα
608 647 645 716 δὲ
669 655 795 735 κρίσεις
813 645 905 718 εἶναί
925 669 1008 736 φησι
1031 647 1072 717 τά
1090 649 1198 737 πάθη,
1221 647 1280 730 τάς
1301 649 1396 732 δόξας

239 785 274 828 τε
302 757 356 827 καί
385 757 445 839 τάς
472 757 734 844 συγκαταθέσεις
761 751 986 844 ὀνομάζεσθαι
1014 765 1149 846 κρίσεις.
1199 753 1284 827 turb
1310 769 1394 842 είτερ

212 865 340 937 stainei
362 894 413 948 τις
436 867 578 949 δέξαιτο,
601 864 831 947 πλεονάζουσα
850 864 1096 952 συγκατάθεσις
1119 873 1211 934 ἔσται
1235 865 1273 935 τὸ
1291 867 1396 945 πάθος

239 973 295 1044 καὶ
317 972 420 1044 πάλιν
443 971 461 1043 ὁ
486 973 717 1052 Ποσειδώνιος
740 972 892 1060 ἐρήσεται
916 971 979 1058 τὴν
1001 977 1130 1054 αἰτίαν,
1159 971 1221 1060 ὑφ’
1250 965 1287 1062 ἧς
1307 983 1394 1043 πλεο·

240 1081 388 1166 νάξεται,
410 1081 494 1168 πρὸς
516 1084 561 1173 τῷ
585 1079 640 1150 καὶ
664 1081 823 1168 με’γιστον
845 1077 1026 1168 ἁμάρτημα
1050 1079 1133 1149 κατά
1157 1080 1222 1168 τὴν
1245 1086 1395 1151 διδασκα-

131 1187 135 1190 ’
240 1196 318 1260 λίαν
340 1186 555 1278 ἡμαρτῆσθαι
583 1193 629 1282 τῷ
654 1195 848 1280 Χρυσίππῳ.
894 1193 925 1258 εί
951 1187 1015 1275 γάρ
1045 1189 1083 1255 ἐν
1107 1185 1197 1281 αὐτῷ
1227 1188 1270 1278 or}
1294 1189 1394 1280 τούτῳ

239 1295 278 1368 τὸ
301 1300 406 1386 κῦρος
427 1301 488 1366 τοῦ
507 1295 675 1385 δόγματός
699 1297 800 1380 ἐστιν,
824 1298 862 1364 ἐν
884 1299 930 1387 τῷ
950 1301 1206 1365 διαστείλασθαι
1229 1295 1293 1385 τὴν
1314 1294 1395 1386 ὁμω-

200 1427 227 1468 ιο
240 1411 367 1496 νυμίαν
389 1405 445 1473 καὶ
469 1407 590 1490 δεῖξαι,
620 1402 702 1472 κατὰ
726 1410 761 1472 τί
785 1402 849 1492 μὲν
871 1403 1124 1492 σημαινόμενον
1151 1403 1237 1475 ἄνευ
1264 1412 1395 1492 κρίσεως

240 1518 367 1602 γίνεται
389 1511 431 1581 τά
453 1512 564 1601 πάθη,
587 1511 670 1582 κατὰ
693 1512 785 1580 τίδὲ
808 1518 934 1599 κρίσεις
957 1517 1061 1598 εἰσίν,
1090 1509 1109 1582 ὁ
1140 1513 1177 1582 δὲ
1208 1509 1290 1583 οὐδὲ
1316 1509 1390 1582 καθ’

240 1623 279 1690 ἓν
309 1624 378 1690 τῶν
412 1619 580 1708 τεττάρων
611 1624 765 1707 βιβλίων,
807 1615 827 1686 ά
865 1619 940 1706 περὶ
978 1623 1047 1688 τῶν
1083 1624 1207 1690 παθῶν
1243 1627 1393 1709 ε’γραυευ,

240 1729 397 1818 ἐποίησεν
423 1725 521 1814 αὐτό,
552 1731 622 1808 πῶς
654 1724 715 1796 οὐκ
747 1725 792 1795 άν
823 1755 873 1807 τις
904 1723 1011 1796 αὐτὸν
1044 1731 1183 1809 δικαίως
1218 1729 1393 1818 με’μυαιτος

239 1835 324 1926 τάχα
345 1834 409 1925 μὲν
431 1835 496 1924 γάρ
520 1833 600 1906 οὐδὲ
624 1840 853 1923 βραχυλογίαν
874 1861 925 1914 τις
952 1831 1061 1922 άκραν
1089 1835 1262 1923 ἐζηλωκὼς
1288 1834 1395 1924 ὀρθῶς

201 1938 285 2014 ιοάν
316 1939 515 2030 ὑπερβαίνοι
546 1943 588 2013 τά
621 1941 728 2024 οὕτως
760 1939 944 2030 ἀναγκαῖα,
976 1941 1064 2012 πολὺ
1096 1943 1134 2012 θλ
1162 1935 1227 2014 οὖν
1259 1947 1393 2034 μᾶλλον,

277 2259 291 2307 1
310 2252 335 2308 Δ
355 2249 449 2307 verbis
468 2245 541 2306 κατά
560 2248 614 2321 μὲν
632 2244 684 2318 τὴν
704 2243 838 2320 ἐξήγησιν
857 2249 959 2320 incipit
976 2248 1025 2305 foi.
1045 2255 1061 2305 9
1080 2249 1186 2306 codicis
1204 2249 1225 2306 C
1232 2273 1239 2317 ς
1259 2251 1294 2306 ct'.
1312 2249 1392 2307 Proll.
1479 2249 1480 2256 ’

239 2342 287 2408 pp.
308 2329 342 2380 13
361 2327 390 2380 et
410 2330 456 2390 tt;
480 2323 578 2448 Ρτορρ.
600 2323 623 2390 1,
647 2329 687 2378 10.
709 2329 750 2376 11.
771 2353 804 2363 -
829 2329 844 2377 2
871 2325 933 2377 ἴσον
951 2323 990 2394 τῷ
1013 2339 1068 2376 om.
1088 2321 1108 2377 C
1128 2324 1165 2394 cpi
1189 2341 1244 2378 om.
1265 2321 1392 2378 MARCb

239 2396 358 2452 inseruit
377 2395 467 2462 Bnke;
487 2395 521 2450 ot.
565 2394 626 2449 roll.
646 2413 673 2466 p.
696 2399 754 2450 127.
776 2425 807 2434 -
829 2401 845 2448 3
865 2399 931 2448 aute
951 2393 1146 2462 περισκέψεως
1165 2393 1185 2450 C
1211 2388 1227 2464 ἢ
1248 2396 1340 2451 babet
1358 2425 1391 2435 -

239 2462 331 2539 ὁρμάς
353 2467 433 2523 codd.
457 2465 520 2521 edd.
544 2461 631 2532 δόξας
654 2465 740 2520 Bake.
760 2496 796 2508 -
822 2473 854 2521 13
874 2460 964 2520 uiris
983 2464 1020 2520 u.
1041 2497 1074 2507 -
1098 2469 1165 2536 post
1187 2469 1305 2530 ὁιιιαιθις
1326 2467 1353 2522 in
1371 2465 1393 2521 C

239 2545 291 2596 aut
308 2541 361 2594 καί
376 2541 428 2594 out
442 2538 534 2594 simite
548 2538 716 2593 uocabulum
737 2537 872 2608 scripturo
888 2537 973 2592 tuisse
989 2536 1110 2594 videtur.
1124 2567 1159 2578 -
1182 2545 1215 2594 lt
1228 2533 1394 2611 ὑπερβαίνοι

238 2613 271 2668 τὸ
291 2607 325 2667 τά
346 2605 589 2684 Οάπερβαίνοιτο
606 2605 642 2665 τά
661 2608 809 2675 MABCh3
829 2609 864 2665 ct.
882 2608 969 2664 Proll.
987 2626 1015 2680 p.
1037 2615 1097 2666 1⁸28.
1117 2641 1150 2651 -

239 2773 455 2788 ⁸—-

159 2971 162 2976 -
240 2923 274 2987 et
291 2921 327 2986 in
344 2918 544 2986 definitionis
560 2917 764 3005 expositione
780 2916 874 3003 quasi
893 2916 1056 3004 quandem
1071 2917 1394 3005 circumspectionem

240 3049 371 3113 sonere,
398 3031 436 3094 nt
457 3027 545 3093 idem
569 3027 613 3093 sit
636 3027 706 3092 sine
729 3025 865 3110 iudicio,
893 3025 979 3111 quod
1003 3026 1073 3091 sine
1097 3025 1396 3113 circumspectione,

239 3134 296 3202 ubi
327 3139 437 3202 cutem
467 3132 588 3200 iudicia
616 3132 761 3220 appellet
793 3133 1073 3219 perturbationes,
1100 3133 1147 3200 ibi
1175 3133 1262 3201 idem
1288 3135 1395 3201 valere

238 3241 410 3330 opiniones
437 3245 471 3308 et
501 3263 664 3308 assensus.
714 3239 807 3319 Quod
836 3241 864 3306 si
897 3241 970 3328 quis
999 3241 1182 3326 admiserit,
1214 3241 1397 3310 redundans
1429 3221 1437 3232 ⁸

237 3355 349 3418 tamen
372 3349 520 3418 assensio
542 3349 606 3416 erit
627 3349 834 3436 perturbatio
854 3354 888 3415 et
909 3370 1022 3416 rursus
1044 3349 1185 3416 instabit
1202 3347 1397 3418 Posidonius

238 3443 372 3528 oausam
398 3459 580 3546 requirens,
610 3458 695 3525 unde
729 3457 900 3544 redundet3
934 3457 1015 3524 adde
1044 3457 1130 3544 quod
1154 3459 1206 3524 vel
1234 3459 1397 3526 maximus

237 3566 273 3634 iu
295 3565 446 3633 doctrine
463 3587 554 3633 error
576 3589 596 3633 a
616 3563 804 3652 Chrysippo
829 3565 1021 3632 commissus
1045 3569 1104 3632 est.
1141 3563 1229 3632 Nam
1252 3567 1290 3652 si,
1312 3565 1396 3654 quod

237 3673 378 3741 maxime
397 3695 467 3740 rem
486 3695 682 3760 causamque
701 3673 857 3758 continet,
875 3671 957 3738 illud
976 3673 1085 3760 ipsum
1105 3677 1164 3759 est,
1182 3677 1221 3740 ut
1238 3671 1397 3760 homony-

237 3781 306 3849 mia
337 3780 561 3870 distinguatur
597 3787 695 3868 atque
729 3781 920 3868 explicetur,
957 3803 1022 3868 quo
1053 3781 1295 3869 significatione
1328 3781 1396 3850 siue

235 3887 358 3958 iudicio
381 3889 451 3956 fieri
474 3890 751 3976 perturbationes,
774 3913 839 3977 qua
861 3889 983 3958 iudicia
1006 3911 1077 3955 esse
1101 3889 1226 3956 dictum
1249 3889 1304 3978 sit,
1326 3889 1396 3980 ipse

238 4001 349 4064 nutem
371 4020 413 4064 ne
444 3997 478 4064 in
502 4019 566 4065 uno
590 3997 722 4084 quidem
746 4021 784 4065 ex
808 4003 949 4086 quatuor
970 3997 1079 4082 libris,
1102 4020 1185 4086 quos
1208 3997 1248 4066 de
1272 4000 1394 4066 aflecti-

237 4105 299 4172 bus
327 4105 474 4192 scripsit,
502 4104 535 4171 id
564 4105 657 4192 fecit,
690 4129 755 4193 quo
783 4107 914 4174 tandem
943 4105 1041 4174 modo
1063 4129 1131 4172 nou
1158 4107 1277 4174 merito
1300 4107 1395 4174 debet

179 4241 181 4246 ¹
237 4213 441 4300 vituperari?
486 4213 594 4282 Nemo
617 4213 705 4280 enim
729 4237 822 4300 sane,
850 4215 905 4302 qui
934 4213 985 4279 vel
1010 4235 1172 4280 summam
1200 4214 1393 4283 brevitatem

237 4325 393 4407 sectetur,
422 4326 534 4410 potest
564 4327 632 4388 tom
664 4323 851 4389 necessaria
880 4326 969 4388 recte
998 4321 1130 4388 silentio
1157 4323 1336 4408 praeterire
1363 4325 1395 4388 et
