3012 5010
719 323 962 390 ..306-

259 489 389 571 μορίων
411 479 597 570 ἀρχόμενος
622 481 737 570 ἥκιστα
760 485 876 570 χρῑγται
901 485 1058 574 λογισμῷ.
1102 483 1156 550 καί
1180 486 1241 571 τῆς
1264 486 1418 568 Μηδείας

260 591 298 660 δὲ
320 588 554 680 ἀναμνηστέον
582 590 749 680 ἐντούτῳ
776 589 835 677 τῆς
859 587 1049 676 Εὐριπίδου
1078 591 1132 658 καὶ
1156 595 1219 659 τοῦ
1237 589 1418 678 Ὁμηρικοῦ

257 695 454 782 Ὀδυσσέως,
483 699 521 766 έν
549 693 599 778 οἷς
633 700 806 766 ἐστασίασε
834 696 896 785 μὲν
924 697 1061 785 ἑκάτερα
1088 697 1173 786 πρὸς
1205 697 1331 786 ἀλλιγλα
1360 701 1419 786 τῆς

260 809 368 894 ψυχῆς
389 804 429 874 aci
453 805 555 894 pipin
579 809 748 894 δηλοῦντα
771 811 905 894 σαφῶς,
932 804 978 885 ὡς
1002 803 1063 892 οὐχ
1086 806 1124 873 ἓν
1148 807 1255 883 ἐστιν,
1285 808 1417 893 ἐνίκησε

231 913 296 981 ῡδὲ
321 915 373 982 ἐπὶ
397 918 458 983 τοῦ
482 915 679 1002 σοφωτέρου
701 913 739 982 τὸ
764 915 909 1000 βέλτιον,
934 915 985 982 ἐπὶ
1011 915 1047 982 δὲ
1071 918 1129 1001 τῆς
1152 909 1362 982 ἀπαιδεύτου
1385 941 1418 980 τε

257 1022 313 1091 καὶ
336 1021 512 1110 βαρβάρου
534 1020 571 1089 τὸ
597 1037 719 1110 χεῖρον.
755 1024 810 1090 καὶ
835 1023 886 1091 έπλ
911 1027 1045 1092 πολλῶν
1063 1019 1260 1111 ἀνθρώπων
1277 1021 1418 1090 τοιαῦτά

258 1129 326 1198 ἐστι
358 1127 519 1218 γινόμενα
548 1128 630 1197 κατὰ
658 1128 720 1217 τὴν
755 1129 865 1219 ψυχὴν
891 1133 952 1198 τοῦ
979 1133 1145 1218 λογισμοῦ
1171 1129 1252 1198 ποτὲ
1279 1129 1344 1218 μὲν
1374 1133 1417 1220 τῷ

258 1241 436 1326 θυμοειδεῖ
459 1239 668 1325 μαχομένου,
694 1239 773 1307 ποτὲ
802 1236 839 1307 δὲ
862 1241 907 1330 τῷ
939 1239 1177 1329 ἐπιθυμητικῷ.
1223 1235 1303 1306 ὅδὲ
1327 1237 1419 1324 Χρύ-

257 1365 378 1424 σιππος
400 1341 469 1432 ἅμα
491 1359 561 1424 τοῖς
583 1343 698 1425 ἀλλοις
721 1353 886 1426 Στωϊκοῖς
908 1347 961 1413 ἐπὶ
985 1345 1047 1433 μὲν
1070 1349 1139 1414 τῶν
1162 1341 1298 1432 ἀλόγων
1322 1344 1418 1437 ζῴων

219 1474 243 1512 ¹⁰
256 1449 360 1539 ὁμόσε
394 1465 497 1539 χωρεῖ
520 1450 604 1541 πρὸς
633 1452 670 1521 τὸ
704 1451 813 1541 δόγμα
845 1452 930 1540 μηδὲ
963 1455 1143 1541 ἐπιθυμεῖν
1172 1451 1326 1540 φάσκων·
1362 1459 1421 1520 καί

121 1621 124 1626 .
188 1575 246 1632 :tan
255 1587 313 1646 μοι
336 1559 411 1646 περὶ
435 1561 493 1646 τῆς
511 1556 750 1648 ἀναισχυντίας
775 1559 964 1647 τοῦλόγου
986 1559 1139 1646 πρόσθεν
1163 1562 1168 1646 l
1197 1571 1338 1650 είριχται·
1364 1561 1415 1629 ἐπὶ

257 1667 292 1734 δὲ
316 1669 386 1736 τῶν
408 1670 541 1735 παίδων
569 1665 640 1736 ἀνω
668 1669 722 1735 καὶ
751 1668 839 1737 aciaco
863 1668 1135 1756 περιπλέκουσιυ,
1164 1665 1226 1754 οὐχ
1255 1667 1418 1748 ὡσαύτως

254 1773 317 1864 μὲν
349 1770 507 1860 ἅπαντες,
539 1771 842 1864 ἀναισχυντοῦντες
869 1775 906 1844 δὲ
934 1777 989 1843 καὶ
1017 1774 1107 1862 παρὰ
1136 1772 1173 1844 τὸ
1202 1777 1416 1866 φαινόμενον

254 1878 521 1970 ἀποφαινόμενοι
551 1881 680 1963 πάντες.
735 1881 900 1970 εἰρήσεται
934 1881 974 1950 δέ
998 1909 1055 1970 μοι
1088 1883 1144 1950 καί
1176 1883 1252 1970 περὶ
1283 1884 1417 1953 τούτων

216 1989 308 2058 uod
332 1991 436 2058 πλέον
459 1991 497 2058 έν
520 2005 589 2072 τοῖς
616 1992 742 2077 ἐφεξῆς.
793 1986 952 2068 ὡσαύτως
981 1989 1018 2056 δὲ
1047 1990 1103 2056 καλ
1131 1990 1206 2078 περὶ
1234 1993 1304 2060 rado
1331 1991 1415 2059 κατὰ

254 2097 317 2186 τὴν
340 2095 453 2186 ψυχὴν
480 2103 602 2168 παθῶν
631 2102 689 2184 τῆς
713 2102 878 2186 διαφορᾶς
906 2093 1009 2166 οὐδὲν
1032 2093 1310 2183 ὁμολογούμενον
1338 2097 1414 2166 οἵτε

254 2219 324 2286 τοῖς
348 2205 525 2294 ἐναργέσιν
554 2203 631 2274 ούτε
658 2203 816 2294 ἀλλήλοις
838 2207 997 2292 λέγουσιν
1026 2203 1106 2272 οὔδ’
1137 2205 1274 2287 ἕκαστος
1298 2207 1415 2298 ἑαυτῷ.

290 2435 361 2494 Sui
393 2435 591 2514 ίτιιθυμηιικῷ
619 2439 657 2494 ll.
688 2471 719 2482 -
753 2445 786 2495 14
812 2433 958 2510 εἰρήσεταί
982 2459 1030 2511 μοι
1064 2437 1095 2496 δὲ
1127 2440 1261 2497 nuncu
1295 2437 1348 2510 είρ.
1382 2437 1414 2494 δέ

253 2531 301 2584 μοι
320 2511 354 2567 Κ.
375 2543 407 2553 -
495 2573 500 2582 ¹

254 2748 447 2832 succumbit,
469 2745 498 2814 is
521 2747 656 2814 minime
680 2748 784 2814 utitur
806 2749 945 2815 ratione.
990 2747 1053 2814 Hic
1076 2748 1211 2815 Medeae
1233 2747 1414 2835 Euripidis.

254 2854 306 2921 lric
335 2853 442 2922 Ulixis
470 2853 608 2922 Homeri
637 2857 820 2942 exemplum
849 2860 900 2920 est
930 2857 1091 2922 momoria
1118 2857 1348 2942 repetendum,
1380 2859 1413 2921 in

253 2963 371 3048 quibus
396 2961 478 3028 duae
502 2961 579 3027 illue
595 2963 701 3030 animi
725 2969 835 3047 partes
855 2963 942 3028 inter
961 2985 995 3028 se
1015 2963 1209 3030 dissidentes
1226 2987 1294 3031 non
1311 2987 1413 3031 imam

253 3091 324 3135 esse
338 3069 531 3134 facultatem
546 3068 721 3134 manifesto
737 3069 914 3154 declarant,
927 3072 1065 3156 pervicit
1079 3075 1189 3137 curtem
1208 3073 1244 3138 in
1262 3074 1412 3158 sapiente

251 3175 373 3261 potior,
396 3175 431 3241 in
453 3175 586 3242 indocta
610 3177 815 3262 barbaraque
839 3177 981 3244 deterior
998 3200 1084 3263 pars.
1121 3178 1215 3256 Quod
1239 3180 1274 3246 in
1297 3181 1412 3246 multis

252 3282 442 3351 homiuibus
466 3283 576 3348 sidere
599 3283 686 3369 licet,
709 3285 744 3350 in
768 3307 906 3370 quorum
926 3286 1036 3354 auimo
1059 3287 1093 3352 id
1113 3287 1242 3372 accidit,
1264 3295 1302 3353 ut
1325 3289 1410 3354 ratio

253 3391 350 3458 modo
375 3413 448 3456 cum
477 3390 540 3474 ira,
570 3390 666 3458 modo
691 3413 765 3457 cum
789 3393 969 3478 cupiditate
998 3399 1101 3459 certet
1124 3415 1162 3459 ac
1186 3401 1321 3481 pugnet.
1368 3397 1412 3461 At

252 3522 329 3567 vero
355 3495 559 3584 Chrysippus
576 3521 649 3564 uua
673 3521 747 3564 cum
771 3501 886 3566 ceteris
911 3499 1031 3566 Stoicis
1055 3501 1094 3566 de
1118 3501 1257 3568 rationis
1281 3505 1410 3589 quidem

251 3605 440 3694 expertibus
469 3606 667 3672 animalibus
695 3607 866 3683 nobiscum
896 3608 1011 3694 pedem
1036 3609 1161 3676 confert
1186 3633 1221 3675 ac
1248 3625 1412 3698 repugnat

252 3713 382 3780 ‹locreto
411 3735 452 3780 ne
476 3713 704 3798 concupiscere
728 3714 858 3799 quidem
887 3714 983 3780 bruta
1013 3717 1224 3802 contendens,
1252 3717 1291 3783 de
1320 3720 1409 3784 cuius

252 3822 412 3888 orationis
437 3819 641 3906 impudentia
668 3843 768 3906 supra
795 3823 862 3888 ium
886 3821 965 3908 dixi3
993 3823 1032 3888 dc
1055 3825 1164 3909 pueris
1189 3829 1300 3892 autem
1324 3827 1408 3891 ultro

252 3929 399 4014 citroque
422 3929 696 4014 tergiversantur,
724 3951 790 3994 nou
814 3952 926 3996 omncs
951 3953 1015 3998 uno
1039 3931 1151 4018 modo,
1180 3955 1282 4018 aequo
1305 3933 1408 4018 impu-

252 4035 365 4102 denter
387 4039 499 4102 tamon
518 4057 631 4101 ornnes
650 4040 683 4101 et
702 4041 816 4102 contra
836 4060 884 4120 ca,
907 4061 990 4123 quae
1008 4039 1179 4124 perspicuo
1199 4045 1287 4126 sunt,
1310 4043 1407 4107 reclu·

252 4149 389 4209 mantes.
436 4147 507 4220 Qua
535 4142 574 4206 de
605 4165 639 4208 re
666 4147 781 4228 postea
808 4143 905 4230 pluro
928 4145 1132 4212 disseremus.
1178 4147 1255 4213 Puri
1283 4153 1408 4215 ratione

252 4252 353 4316 ctiam
377 4250 415 4314 dc
444 4249 546 4316 animi
576 4250 750 4316 affectuum
778 4251 961 4317 differentia
988 4253 1073 4319 nihil
1102 4255 1255 4341 atterunt,
1283 4258 1319 4323 in
1345 4279 1405 4344 quo

252 4357 304 4422 vel
328 4379 402 4422 cum
435 4357 641 4424 euidentibus
668 4359 765 4424 rebus
799 4359 850 4426 vel
879 4359 965 4424 inter
989 4384 1023 4426 sc
1052 4363 1103 4427 vel
1132 4385 1243 4429 secum
1271 4365 1406 4450 quisquc
