2992 5034
641 231 942 341 &irs-

239 432 258 505 ό
287 433 447 521 Πλάτων,
480 433 518 502 ἐν
549 423 570 524 ᾗ
602 437 664 503 τοῦ
695 437 889 516 ποθοῦντος
920 432 1110 502 θεάσασθαι
1146 433 1227 515 τοὺς
1263 463 1401 522 νεκρους

240 543 507 634 ἐμνημόνευσεν,
540 541 689 630 ε’ναργῶς
719 541 783 630 μὲν
815 539 987 626 ότιόὸειξεν
1019 545 1135 630 ἕτερον
1168 541 1328 632 ι’·πιὶρχειν
1362 545 1397 612 τιί

240 652 461 740 θυμούμενον
486 653 549 718 τοῦ
576 651 840 738 ἐπιθυμοῦντος,
869 649 911 720 οὐ
933 651 1016 742 μήν,
1044 651 1094 720 ότι
1118 651 1156 720 τό
1181 653 1400 740 λογιζόμενον

176 757 182 766 ”
240 761 357 848 ἕτερον
384 755 514 847 ἀμφοῖν
541 757 647 842 ἐστιν,
675 759 825 847 ἐναργῶς
852 757 960 842 εἶπεν,
988 757 1072 828 ἀλλὰ
1101 763 1288 842 ε’νεόείξατο
1315 761 1398 828 κατὰ

212 869 373 938 οείιεῖνον
395 868 459 954 μέν
479 891 551 945 πως
572 864 634 935 τὸν
656 865 776 952 λόγον,
804 868 955 936 ἐνταῦθα
978 865 1014 936 oi
1040 871 1163 946 ι’κιινιός
1186 869 1399 956 ἐπεξέρχεται.

240 973 324 1044 όταν
354 973 420 1062 γάρ
452 999 528 1041 τινιι
561 972 718 1060 βιάζηταί
743 1001 793 1054 τις
825 975 987 1064 ε’πιθυμιά
1020 975 1108 1058 :rupti
1137 974 1198 1042 τόν
1225 977 1399 1064 λογισμόν.

240 1081 351 1170 ὥσπερ
374 1081 436 1150 τὸν
459 1086 653 1168 ἔμπροσθεν
674 1083 854 1169 εἰρημένον
873 1084 1048 1152 Λεόντιον.
1072 1081 1089 1150 ό
1117 1081 1227 1170 θυμός
1250 1085 1397 1150 ἐνταῦθα

240 1204 380 1260 κινεῖται
405 1193 590 1278 συμμαχῶν
612 1193 657 1280 τῷ
681 1193 830 1281 λογισμῷ
857 1191 912 1258 mci
941 1191 1100 1270 πολλάκις
1127 1189 1190 1278 μεν
1219 1189 1399 1278 ε’κριὲτιγσεν

240 1296 318 1388 ἅμα,
336 1301 382 1390 τῷ
410 1300 558 1388 λογισμῷ
586 1300 644 1384 τῆς
671 1293 817 1384 όμέτρου
844 1297 1006 1386 κινήσεως
1033 1303 1094 1368 τοῦ
1123 1297 1312 1366 ιὶκολιὲστον
1340 1303 1399 1384 τῆς

173 1408 349 1493 mappis
376 1409 489 1484 εῐόους
516 1405 571 1472 uui
601 1403 606 1494 Ι
635 1405 770 1490 κατέσχε
793 1431 827 1472 τε
850 1406 906 1473 καλ
930 1405 1133 1474 όιειιιόλυσεν
1157 1403 1239 1474 αι’τό
1263 1407 1315 1474 eut
1341 1411 1399 1490 τῆς

200 1538 225 1578 n
241 1511 347 1602 ὁρμῆς
369 1513 517 1602 ἐπέσχεν,
539 1507 651 1599 ὥσπερ
675 1503 814 1580 οὖνκαὶ
841 1509 859 1581 ὁ
884 1513 1045 1595 Λεόντιος
1068 1514 1220 1601 ε’όυνιῇθιγ
1244 1520 1397 1600 λοιόοριγ-

239 1621 316 1701 θεὶς
343 1619 449 1711 ἑαυτῷ
477 1623 537 1706 τῆς
567 1619 642 1707 περλ
675 1617 712 1686 τὸ
741 1618 933 1688 θεάσασθαι
963 1622 1043 1702 τοὺς
1073 1621 1211 1708 νεκροὺς
1239 1619 1397 1704 ιῖικριισιίις

240 1736 424 1816 παρελθεῖν
446 1726 492 1816 μὴ
516 1725 727 1816 θεασάμενος
749 1725 888 1810 αὐτούς,
916 1731 1023 1798 ἐνίοτε
1047 1729 1082 1796 ὁὶ
1108 1727 1308 1816 ἀμφοτέρων
1330 1735 1396 1796 τόν

240 1840 354 1925 μερῶν
375 1840 434 1924 τῆς
458 1838 565 1923 ψυχῆς
587 1832 762 1923 όγχόντων
784 1862 819 1904 τε
846 1837 900 1903 καὶ
925 1841 1200 1925 λυιόορουμείιων
1223 1835 1394 1926 ιέντιπριιτ-

202 1967 228 2008 ιο
241 1943 372 2014 τόντων
394 1944 500 2012 τεκαὶ
521 1939 761 2012 ἀνθελκόντων
780 1943 938 2031 ἐκρότησε
958 1943 994 2012 τὸ
1015 1945 1269 2032 ἐπιθυμητικόν.
1288 1946 1394 2028 ὥσπερ

242 2053 294 2120 lari
326 2047 434 2120 αὐτοῦ
464 2054 564 2120 τοῦδε
596 2054 658 2121 τοῦ
688 2053 905 2140 θεασαμένου
936 2053 1015 2131 τοὺς
1044 2052 1184 2136 νεκροὺς
1212 2053 1229 2122 ό
1255 2055 1395 2123 Πλάτων

280 2241 293 2288 1
314 2231 343 2290 ελ
358 2250 411 2303 pro
431 2227 462 2288 λν
481 2223 497 2304 ᾖ
519 2233 551 2290 [ι.
576 2263 608 2272 -
633 2239 649 2288 2
670 2227 888 2303 ἐμνημόνευσαν
906 2231 943 2286 M.
964 2263 996 2272 -
1022 2239 1037 2286 t
1061 2233 1108 2286 ιιιιλ
1133 2231 1206 2288 κατὰ
1231 2235 1310 2290 codd.
1334 2234 1392 2288 intel.

242 2307 291 2360 ιιιιιλ
313 2306 460 2371 eiecimus3
484 2305 519 2360 cf.
544 2303 629 2360 Proll.
652 2323 680 2374 p.
707 2313 765 2360 lus.
790 2335 823 2344 -
852 2312 867 2356 ῖι
894 2300 1034 2360 ἐνταυθοῖ
1056 2305 1087 2359 L.
1113 2338 1143 2344 —
1175 2309 1206 2360 ὁὶ
1234 2325 1286 2360 om.
1307 2307 1340 2360 M.
1364 2337 1391 2346 --

243 2372 318 2441 'loir
336 2373 385 2432 ε’πλ
402 2373 453 2431 τόν
472 2375 607 2432 munch
632 2371 726 2443 ὥσπερ
750 2371 799 2430 τόν
820 2376 880 2433 LK.
900 2408 933 2416 --
960 2395 975 2426 s
997 2373 1132 2442 inpurum
1161 2383 1313 2446 ονιιιιαγώι·
1335 2374 1393 2432 rino

242 2450 275 2506 L.
294 2479 327 2490 -
353 2456 386 2504 12
406 2443 473 2512 τούς
492 2465 546 2504 om.
565 2448 596 2502 Ιι.
621 2479 654 2490 -
682 2457 713 2504 13
733 2453 886 2518 προελθεῖν
905 2449 984 2504 could.
1006 2449 1068 2503 eud.
1092 2455 1251 2514 παρελθεῖν
1275 2469 1335 2516 nos;
1360 2453 1392 2504 ui.

241 2521 328 2578 Proll.
346 2540 374 2592 p.
392 2528 450 2578 126.
471 2553 504 2562 -
523 2519 556 2576 ot
576 2537 631 2578 om.
651 2520 682 2578 L.
701 2553 736 2562 -
759 2527 791 2576 14
810 2516 941 2576 ἀνιόντων
960 2537 1010 2590 pro
1029 2516 1176 2590 ἀγχόντων
1196 2523 1228 2577 L.
1248 2553 1281 2564 —-

241 2705 350 2792 Plato,
379 2727 443 2790 quo
466 2703 571 2788 illius,
594 2703 649 2790 qui
673 2707 821 2789 spectare
849 2702 1008 2769 cadavera
1031 2705 1235 2788 concupivit,
1262 2705 1392 2770 mentio

240 2837 317 2880 nem
340 2813 432 2896 fecit,
455 2817 567 2898 aperte
591 2811 722 2898 quidem
745 2811 984 2877 demonstrarit
1008 2811 1201 2876 irascentem
1226 2817 1351 2898 partem
1375 2833 1391 2874 a

241 2921 392 3007 cupiente
415 2918 578 2986 diversam
598 2943 677 3004 esse,
701 2943 767 2985 non
790 2924 901 2986 tamen
924 2919 1176 2984 ratiocinantem
1200 2921 1243 2986 ab
1261 2926 1393 3006 utraque

242 3030 371 3096 differre
404 3029 574 3113 perspicue
607 3027 705 3118 dixit,
738 3027 793 3092 sed
827 3027 983 3094 indicarit
1016 3031 1143 3092 tuntum
1176 3027 1224 3094 i'ui
1258 3029 1390 3116 quodum

242 3135 353 3222 modo,
381 3135 444 3202 hoo
469 3139 578 3201 autern
607 3135 680 3201 loco
708 3136 789 3201 satis
817 3139 1007 3220 persecutus
1037 3142 1096 3200 est.
1148 3135 1286 3212 Quando
1312 3137 1391 3202 eninr

242 3244 384 3330 aliquem
404 3247 535 3328 praeter
552 3245 713 3310 rationem
732 3242 836 3308 trahit
854 3241 1026 3327 cupiditas,
1045 3245 1082 3308 ut
1101 3241 1286 3328 Leontium,
1303 3264 1391 3328 quern
1479 3263 1480 3316 ι

242 3375 341 3438 supra
369 3353 712 3434 commemoravimus,
746 3355 814 3416 turn
844 3349 985 3436 insurgit
1018 3349 1186 3415 iracundia
1213 3352 1391 3436 rationique

241 3460 424 3546 opitulatur
456 3483 493 3528 ac
527 3483 625 3546 saepe
658 3459 847 3526 consociata
881 3479 955 3523 cum
988 3457 1114 3524 ratione
1147 3459 1392 3525 immoderatum

242 3569 401 3655 impetum
426 3569 676 3654 intemperantis
701 3567 804 3633 animi
826 3565 930 3652 partis
955 3565 1033 3628 vicit
1057 3565 1270 3652 cohibuitque
1294 3567 1391 3652 ipsam

243 3677 545 3762 appetitionumque
570 3677 638 3742 eius
666 3675 838 3760 repressit,
865 3673 1136 3759 quomadmodum
1161 3671 1320 3740 Leontius
1344 3695 1392 3758 po·

242 3785 308 3852 tuit
327 3791 478 3870 correpta
498 3807 556 3850 sua
571 3783 823 3870 spectandorum
838 3781 1031 3847 caclarerum
1051 3781 1289 3848 incontinent-ia
1308 3803 1393 3868 prae·
1478 3779 1479 3852 ζ

242 3894 341 3960 terire
370 3915 474 3978 noque
503 3893 684 3977 adspicere3
713 3891 877 3956 interdum
906 3893 1015 3954 autem
1039 3892 1091 3972 tit,
1120 3893 1155 3954 ut
1179 3887 1305 3956 duabus
1332 3888 1392 3956 illis

153 4005 157 4010 ’
243 4001 392 4087 partibus
417 4001 640 4086 prementibus
664 4005 762 4084 atque
781 3997 1032 4084 obiurgantibus
1057 3997 1337 4086 renitentibusque
1360 4022 1392 4062 ac

220 4089 486 4174 'retrahentibus
515 4107 749 4192 concupiscens
777 4113 888 4171 tamen
916 4105 1065 4190 superior
1093 4103 1223 4179 mactat,
1252 4107 1285 4171 id
1314 4103 1393 4192 quui

242 4217 373 4302 inipso
397 4217 465 4300 illo,
488 4216 543 4304 qui
567 4213 728 4299 spectarit
751 4214 925 4296 cadavera,
948 4213 1094 4278 creuisse
1118 4211 1214 4277 Pluto
1239 4222 1390 4280 memorat

241 4324 307 4409 ita,
341 4330 378 4392 nt
410 4324 507 4410 plura
539 4321 637 4388 simul
672 4345 736 4387 una
768 4319 830 4387 hae
868 4319 1016 4386 oratione
1050 4320 1210 4387 ostendat.
1266 4321 1392 4388 Etenim
