2976 5028
639 243 797 330 -Laaa
842 237 939 346 -ἶχ

178 428 242 496 τοῦ
268 429 455 494 πείθεσθαί
480 449 515 493 τε
542 422 598 492 καὶ
631 423 771 492 ἕπεσθαι
799 426 845 514 τῷ
878 422 984 515 λόγῳ,
1016 425 1117 492 τοῦτο
1150 426 1221 504 πῶς
1251 417 1343 507 ἀνῆ

180 529 336 602 ἀπειθεῖν
359 527 379 621 ip
403 527 640 617 ἀπεστράφθαι
664 529 742 600 ποτὲ
767 529 907 599 θόναιτο
927 531 988 600 τὸν
1006 529 1128 618 λόγους
1151 527 1236 600 ἀλλά
1259 527 1346 610 ὅλως

179 639 225 730 μὴ
249 645 397 730 χρῆσθαι
421 639 551 725 λέγοιτο
575 633 619 707 ἀν
647 637 793 718 εἰκότως.
837 635 1075 726 ἀπεστράφθαι
1104 639 1141 708 δὲ
1170 639 1225 706 καί
1253 634 1345 707 ἀπει-

179 747 259 818 θεῖν
277 747 476 835 λεχθήσεται
499 745 537 814 τὸ
556 745 664 832 φύσιν
685 746 749 834 μὲν
768 751 846 833 ἔχον
865 748 1009 815 ἕπεσθαί
1025 773 1060 816 τε
1078 747 1133 814 καί
1152 753 1344 832 πείθεσθαι,

154 854 271 945 suaet
304 855 412 944 φύσιν
444 855 484 922 δέ
514 851 595 922 ποθ’
632 855 752 940 ἑτίρως
781 853 982 942 φερόμενον.
1037 855 1073 922 ἐκ
1106 851 1171 940 μὲν
1203 850 1245 940 ot
1278 856 1345 922 τῶν

179 963 347 1034 τοιούτων
375 965 546 1030 δείκνυται
579 961 616 1030 τό
650 959 729 1049 μήτε
763 958 882 1053 ἀψύχῳ
914 963 980 1031 uvi
1015 960 1095 1050 priva
1128 957 1241 1052 ἀλόγῳ
1275 958 1343 1052 ζηόμ

101 1151 104 1158 ,
180 1071 293 1152 πάθος
315 1071 509 1158 ἐγγίνεσθαι
539 1068 692 1158 ψυχικόν.
739 1068 876 1138 ε’πειὸἀν
904 1069 940 1137 δὲ
971 1069 1084 1158 γράφη
1113 1068 1215 1156 χωρίς
1241 1067 1345 1154 λόγον

100 1213 103 1217 ·
180 1185 321 1270 κρίσεως
343 1185 501 1266 γίνεσθαι
525 1175 588 1266 τὴν
608 1176 690 1244 κατὰ
713 1175 750 1246 τό
770 1177 882 1258 πάθος
901 1183 1048 1264 κίνησιν,
1072 1173 1142 1244 εἶτα
1162 1173 1343 1243 συνάπτων

182 1288 300 1374 ἑφεξῆς
323 1288 402 1376 λε’γη
427 1281 515 1375 ‘oripi
538 1290 570 1354 εί
592 1275 1026 1374 ὁιημαρτημείιως’φέρεται
1056 1286 1110 1352 καὶ
1135 1281 1293 1370 παριόοίν
1314 1309 1343 1350 τι

142 1415 168 1456 1⁰
183 1392 278 1462 ‘uaria
301 1393 363 1462 τὸν
384 1389 502 1482 λόγον,
521 1390 605 1462 ἀλλὰ
630 1389 910 1483 ἀπεστραμμένος
933 1419 967 1462 τε
988 1394 1044 1462 καὶ
1064 1391 1213 1471 ἀπειθῶς
1231 1387 1343 1484 αὐτῷ’,

182 1505 320 1590 όιοριζει
347 1503 418 1570 τόν
444 1499 693 1590 ἁμαρτημάτων
715 1499 756 1570 τὰ
782 1500 878 1589 πάθη
902 1501 957 1569 καὶ
985 1499 1077 1568 πάνυ
1106 1498 1261 1579 ὁτόντως.
1304 1494 1343 1566 τίι

182 1607 245 1697 μὲν
267 1605 332 1696 γάρ
355 1605 576 1698 ἁμαρτήματα
598 1609 767 1698 μοχθηροί
792 1616 916 1697 κρίσεις
944 1609 1007 1678 είσλ
1037 1608 1092 1677 καὶ
1121 1605 1222 1694 λόγος
1250 1606 1343 1686 ἑθεν-

115 1735 173 1792 θῖλ
183 1717 306 1804 σμένος
325 1717 330 1804 t
350 1719 409 1804 τίης
422 1712 584 1803 ἀληθείας
598 1717 653 1784 καὶ
673 1719 953 1805 θιημαρτημίνος·
972 1714 1009 1786 τὸ
1026 1714 1061 1785 θλ
1077 1713 1190 1794 πάθος
1203 1718 1344 1801 ἔμπαλιν

183 1820 287 1893 οὐθὲν
304 1823 367 1912 μὲν
389 1820 623 1912 ἡμαρτημένον
637 1821 717 1892 οὐδὲ
731 1823 975 1914 παρορώμενον
993 1822 1077 1892 κατὰ
1095 1821 1156 1892 τὸν
1170 1819 1344 1910 λογισμόν,

142 1955 170 1996 ιν
183 1927 328 2018 ἀπειθὴς
356 1932 397 2000 δι’
422 1931 491 1999 ἐστι
518 1931 678 2024 τῷλόγῳ
706 1939 837 2021 κίνησις
866 1936 982 2020 ψυχῆς.
1032 1928 1050 1999 ό
1078 1928 1143 2018 μὲν
1169 1927 1235 2018 γάρ
1263 1925 1343 2016 ὑπὲρ

183 2042 246 2108 τοῦ
268 2042 375 2108 σῶσαι
398 2037 462 2126 τὴν
484 2043 629 2124 πατρίδα
651 2043 711 2127 τῆς
735 2043 819 2128 ζωῆς
840 2044 908 2110 τῶν
931 2041 1060 2108 τίκνων
1086 2036 1346 2126 καταφρονήσας

94 2325 99 2332 ,
222 2271 236 2319 1
258 2256 433 2332 ἧάπειθείν
455 2263 523 2320 MA.
548 2293 583 2304 -
607 2269 623 2317 3
647 2263 756 2334 λέγοιτο
775 2265 813 2320 bt.
838 2297 871 2307 -
899 2269 915 2320 λ
939 2260 1025 2336 λόγον
1049 2262 1098 2318 παλ
1123 2263 1241 2332 κρίσεως
1265 2259 1344 2317 cedd.

184 2335 248 2392 edd.
268 2335 318 2392 παλ
337 2335 502 2392 delevimus.
522 2367 555 2376 -
575 2343 592 2390 θ
611 2334 705 2406 λέγειν
719 2336 748 2392 Μ
767 2337 842 2406 λέγει
862 2335 971 2393 ABCb.
990 2367 1027 2377 -
1047 2342 1079 2391 10
1097 2329 1248 2404 λόγονκαὶ
1266 2331 1343 2388 codd.

185 2407 248 2464 edu.
267 2412 291 2463 λ.
310 2403 382 2462 άλλίι
406 2425 456 2463 nos
474 2407 538 2464 cell.
562 2426 590 2479 p.
610 2416 676 2468 3:39.
697 2417 722 2465 e.
742 2441 776 2451 -
803 2416 835 2464 lu
859 2406 875 2464 ὁ
900 2403 984 2478 λόγος
1001 2407 1083 2463 codd.
1102 2407 1166 2463 edu.
1185 2401 1269 2476 λόγος
1287 2421 1344 2460 noa.

128 2549 130 2554 Ι
187 2511 219 2544 ·.·
242 2485 275 2536 16
294 2479 367 2550 ζωῆς
386 2480 435 2536 καλ
454 2479 510 2536 τῶν
529 2479 613 2548 ChK3
633 2480 668 2536 ef.
688 2481 774 2537 Proll.
793 2500 821 2553 p.
841 2489 884 2538 58.
904 2511 936 2522 -

185 2693 404 2776 artnentum,
426 2689 483 2776 qui
501 2689 572 2758 fieri
596 2693 716 2776 potest,
739 2693 777 2756 ut
799 2689 833 2756 id
856 2713 971 2776 parere
989 2689 1075 2758 uelit
1093 2689 1345 2776 adversemrque

185 2797 332 2866 rationi?
355 2797 458 2864 imme
478 2798 611 2864 omnino
634 2820 702 2864 non
724 2798 773 2864 uti
798 2797 931 2884 quidem
954 2796 1082 2866 ratione
1102 2795 1345 2864 accommodate

129 2929 135 2936 ·
186 2905 321 2972 dicetur.
374 2903 437 2972 Sed
465 2905 560 2992 illud,
591 2905 679 2992 quod
708 2909 829 2972 natura
856 2905 991 2972 insitam
1018 2903 1121 2972 habet
1148 2905 1286 2990 parendi
1314 2909 1346 2970 et

159 3003 165 3011 ⁵
187 3012 386 3100 obsequendi
405 3013 606 3101 facultatem,
629 3015 794 3081 interdum
813 3017 924 3080 autem
943 3013 1040 3080 aliter
1059 3017 1174 3081 eontra
1192 3017 1345 3080 naturam

186 3123 305 3206 fertur,
337 3125 372 3186 et
398 3121 565 3188 adversari
593 3127 627 3188 et
653 3121 828 3208 imperium
856 3121 1037 3188 detrectare
1066 3121 1184 3188 merito
1212 3119 1346 3189 dicatu.

186 3228 239 3298 Ex
269 3227 323 3295 his
355 3227 460 3316 igitur
491 3229 696 3316 Chrysippus
729 3230 765 3296 in
800 3228 891 3298 nuto
928 3251 1034 3316 neque
1066 3229 1212 3298 inanimo
1244 3251 1346 3317 neque

76 3363 82 3372 ·
188 3335 325 3405 animali
351 3337 449 3404 bruto
483 3337 766 3424 perturbationem
795 3336 897 3404 animi
924 3337 1032 3402 inesse
1062 3337 1216 3404 ostendit
1265 3337 1346 3406 Cum

189 3447 300 3514 autem
320 3445 390 3512 sine
409 3445 549 3512 rationis
569 3445 690 3514 iudicio
709 3444 970 3534 perturbationis
989 3449 1116 3513 matum
1135 3443 1208 3512 fieri
1226 3447 1348 3530 scribit,

100 3553 107 3561 “
188 3551 304 3620 deiude
333 3553 499 3620 subnectit
525 3553 620 3620 haee:
666 3553 750 3620 ‘non
774 3553 804 3620 si
833 3553 990 3619 aberrans
1018 3551 1123 3619 fertur
1151 3553 1270 3642 aliquis
1297 3555 1347 3622 rel

187 3661 315 3729 incuria
338 3662 480 3750 quadam
503 3661 684 3730 iuratione
708 3662 841 3746 labitur,
865 3661 920 3728 sed
944 3661 974 3727 si
997 3683 1131 3728 avernus
1151 3663 1347 3751 minimeque

189 3767 420 3855 obtemperans
444 3769 474 3836 ei
499 3763 573 3856 est’,
601 3769 865 3858 perturbationes
889 3769 931 3836 ab
955 3769 1120 3836 erroribus
1144 3771 1179 3835 et
1205 3772 1349 3856 peccatis

138 3957 143 3964 ι
189 3873 365 3962 distinguit
398 3875 494 3964 itique
523 3877 698 3946 admodum
727 3881 812 3964 apte.
862 3877 1002 3946 Peccata
1030 3877 1118 3944 euim
1147 3877 1232 3944 nibil
1260 3878 1349 3946 atiud

191 3986 268 4050 sunt
300 4005 400 4070 quam
433 4007 535 4071 prava
566 3986 688 4053 iudicia
717 3991 748 4051 et
782 3985 868 4053 falsa
906 4009 925 4052 a
958 3986 1160 4072 veritateque
1193 3987 1350 4054 aberrem

190 4091 292 4180 rati03
315 4093 522 4178 perturbatio
541 4098 655 4160 eontra
679 4099 817 4162 nonest
839 4095 977 4161 rationis
1002 4117 1103 4176 error,
1125 4116 1190 4161 nou
1213 4093 1351 4180 incuria,

190 4199 247 4266 sed
274 4199 414 4267 rationis
442 4199 616 4286 imperium
646 4201 832 4268 detrectans
860 4201 962 4269 animi
995 4205 1116 4270 motus.
1161 4203 1225 4282 Qui
1253 4203 1351 4290 euim,

191 4307 229 4374 ut
255 4307 398 4394 patriam
428 4313 612 4394 conservet,
639 4311 818 4378 liberonmr
847 4311 948 4378 ritum
977 4311 1125 4400 neglegit
1151 4313 1250 4400 atqua
1275 4313 1350 4382 aliis
