2942 5008
735 353 933 420 .-4-

253 517 374 588 tatoris
396 515 555 584 Friderici
578 515 711 584 secundi
734 538 763 582 a.
781 539 813 602 p.
828 513 888 582 Ch.
905 515 993 582 1224
1015 515 1243 582 confirmatum
1267 519 1330 602 est,
1356 537 1448 603 qua

255 627 377 711 sanxit,
389 631 427 693 nt
441 623 605 711 ‘magistri
619 625 722 692 libros
737 623 945 690 authenticos
961 631 1030 692 tam
1045 623 1300 717 Hippocraticos
1316 646 1447 710 apuam

255 734 372 801 Galeni
386 734 421 800 in
436 733 558 800 scholis
577 733 745 816 docerent,
768 738 838 798 tam
856 733 891 798 in
905 731 1088 799 theoretica
1101 755 1199 817 ‹prrnm
1214 733 1249 798 in
1267 735 1446 818 practica

253 837 470 928 medicina'ss.
507 840 585 906 Inde
610 863 722 906 corum
746 840 823 906 libri
846 847 905 906 out
923 841 1028 906 denuo
1048 839 1083 904 iu
1100 841 1241 910 latinum
1264 843 1444 906 conversi

254 953 313 1018 ont
341 948 585 1018 commentariis
613 949 771 1014 illustrati
800 953 890 1033 sunt,
920 954 967 1032 et,
998 971 1080 1034 qnos
1110 947 1177 1014 illis
1209 949 1443 1032 temporibus

254 1055 344 1125 docti
366 1055 406 1122 de
430 1060 501 1122 arte
524 1055 649 1122 medica
670 1061 926 1142 composuerant
944 1055 1089 1138 libellos,
1112 1054 1140 1119 ii
1159 1053 1201 1120 ad
1225 1077 1342 1121 eorum
1364 1080 1444 1142 po·

254 1167 419 1234 tissimum
443 1163 626 1230 doctrinam
651 1163 899 1231 accommodati.
944 1162 1092 1230 Eandem
1121 1162 1281 1230 rationem
1311 1167 1441 1230 secuti

256 1279 345 1358 sunt,
376 1273 433 1358 qui
465 1272 660 1338 medicinam
694 1261 932 1356 profitebantur
962 1273 997 1336 iu
1030 1269 1153 1336 scholis
1184 1268 1443 1356 Neapolitana.

255 1381 471 1464 Bononiensi,
494 1379 797 1464 htontcpcssulana,
816 1379 1043 1462 Parisinieush
1062 1378 1147 1444 aliis.
1179 1377 1294 1464 Itaque
1314 1379 1352 1444 in
1369 1379 1440 1444 his

151 1525 156 1535 =
256 1489 377 1557 scholis
403 1487 545 1554 Galenus
575 1508 710 1568 regnum
740 1510 814 1552 cunr
838 1488 1041 1572 Hippocrate
1069 1485 1216 1552 sociarit,
1263 1484 1329 1550 Sed
1353 1510 1440 1554 nou

255 1598 359 1664 multo
384 1603 459 1682 post
482 1595 648 1661 consortio
672 1595 729 1660 illo
752 1594 882 1659 sublato
903 1594 1045 1660 thdcuus
1071 1593 1159 1658 solus
1184 1615 1321 1678 regnare
1347 1618 1440 1658 coe·

256 1705 307 1790 pit
328 1704 424 1789 idque
450 1704 491 1768 ab
516 1727 554 1768 eo
577 1702 652 1768 inde
677 1716 837 1786 ternpore.
861 1727 925 1787 qao
951 1703 1098 1767 Arabum
1122 1701 1251 1766 litterae
1277 1699 1320 1764 ad
1346 1701 1439 1785 phi-

253 1811 455 1897 losophiam,
469 1809 656 1894 physicam,
676 1811 870 1876 medicinam
891 1815 1076 1894 spectantes
1095 1809 1130 1874 in
1148 1807 1289 1872 latirurm
1307 1813 1438 1872 trans-

255 1920 343 1984 latas
370 1940 429 2004 per
456 1919 606 2001 Europae
635 1925 748 2000 gentes
777 1923 1002 1983 promiserunt.
1046 1915 1181 1982 Influxit
1208 1919 1321 1980 antem
1351 1938 1436 1982 non

254 2027 362 2091 tennis
377 2025 509 2111 quidam
524 2047 563 2089 ex
579 2025 744 2088 ,trabibus
761 2025 897 2108 riardus,
920 2024 977 2090 sed
991 2022 1293 2090 abundantissimus
1308 2025 1436 2088 amnis·

254 2133 386 2199 illarum
414 2133 670 2217 disciplinarum.
717 2139 787 2208 Quo
817 2137 940 2198 factum
969 2139 1034 2214 est,
1062 2139 1112 2206 ut.
1142 2131 1435 2215 ‹premadmodnnr

255 2241 290 2306 in
312 2240 525 2325 philosophia
545 2239 754 2321 Aristotcles,
777 2239 824 2305 sic
845 2240 987 2305 (helenus
1011 2239 1045 2306 iu
1064 2239 1226 2304 medicina
1245 2261 1329 2304 unus
1350 2262 1435 2305 orn·

255 2347 347 2412 nium
374 2347 552 2412 maximam
580 2347 811 2412 auctoritatem
841 2351 1034 2412 consecutus
1065 2347 1117 2412 sit.
1168 2347 1294 2412 Arabes
1328 2349 1431 2413 eninr

255 2476 454 2540 quamquam
478 2455 512 2520 in
530 2455 635 2520 altero
656 2454 802 2539 principe
822 2455 1021 2520 medicorum
1038 2455 1237 2538 Hippocrate
1257 2477 1324 2520 non
1344 2479 1434 2540 par·

256 2582 331 2626 vam
355 2582 489 2645 operam
509 2561 765 2644 collocaverunt,
789 2583 862 2626 cum
881 2561 983 2626 libros
1008 2563 1077 2626 eius
1097 2562 1227 2627 arabice
1247 2559 1431 2628 redderent

256 2671 505 2750 denarrarem,
529 2674 641 2734 tamen
663 2670 766 2734 multo
791 2669 864 2752 plus
888 2667 1011 2732 laboris
1035 2673 1068 2734 et
1092 2667 1190 2734 studii
1211 2667 1336 2733 (caleno
1361 2671 1433 2736 tri-

256 2775 365 2840 bnisse
392 2781 563 2861 constat⁵p
608 2776 694 2842 Nam
724 2781 952 2861 praeterquam
980 2776 1065 2860 quenl
1092 2777 1122 2840 is
1150 2777 1224 2840 t'uso
1253 2779 1286 2840 et
1314 2777 1431 2842 airun-

256 2881 353 2948 dnnte
377 2905 475 2967 super
497 2885 727 2950 necessitatem
748 2882 1010 2968 generedicendi
1031 2885 1143 2966 utitur,
1165 2883 1252 2968 qnod
1267 2884 1430 2951 Arabum

256 2989 383 3056 nationi
411 2990 505 3056 valde
534 2989 692 3066 arrhit'h,
721 2990 902 3071 doctrinae,
930 3013 1028 3074 «param
1056 2989 1150 3056 libris
1179 2991 1245 3056 suis
1270 2990 1431 3062 tradidit.

256 3096 474 3164 conformatio
497 3097 570 3182 ipsa
594 3099 644 3162 rel
669 3097 809 3161 maxime
838 3118 949 3162 eorum
973 3097 1100 3162 animos
1125 3099 1213 3182 cepit
1237 3103 1430 3184 captosque

256 3203 370 3272 tenuit.
420 3203 624 3270 Videbantur
657 3205 743 3268 euim
773 3202 893 3286 ridere,
926 3227 1008 3288 (puae
1041 3205 1262 3291 Hippocrates
1295 3206 1429 3291 quique

256 3315 334 3394 post
356 3333 429 3376 eum
449 3311 601 3378 florerent
626 3312 743 3378 medici
767 3313 805 3375 de
824 3311 963 3396 singulis
983 3311 1163 3378 medicinae
1186 3313 1336 3398 partibus
1362 3313 1427 3377 do-

257 3417 414 3502 cuissent,
437 3441 475 3484 en
499 3420 609 3486 onmia
629 3419 789 3484 Galenum
808 3420 856 3484 ita
876 3419 1175 3502 comprehendisse,
1199 3424 1247 3502 ut,
1270 3442 1355 3505 «prae
1375 3423 1427 3486 ab

257 3523 324 3590 illis
343 3529 401 3590 ant
422 3525 539 3591 vitiose
558 3529 732 3592 obsecrata
751 3535 808 3592 aut
825 3527 1017 3612 iurpert'ccte
1032 3527 1146 3593 relicta
1162 3533 1283 3611 essent,
1308 3549 1425 3592 curen-

258 3677 358 3686 n---0
382 3679 470 3687 -—-—-

344 3773 364 3842 ¹)
384 3771 426 3830 Cf.
447 3773 593 3832 sanceore
612 3777 646 3830 de
668 3775 752 3830 benzi
772 3774 843 3832 Coll.
862 3774 918 3830 Sal.
939 3777 964 3842 l,
983 3781 1043 3831 315.

344 3863 365 3932 ⁸)
385 3862 426 3920 Οἱ.
441 3863 596 3920 tt'enrichii
615 3865 800 3920 Comrncntat.
820 3863 855 3918 de
875 3865 1027 3920 Aru-torum
1047 3865 1217 3922 Graecorum
1240 3865 1422 3922 versionibus

257 3955 288 4006 et
312 3954 522 4010 commentariis
545 3955 665 4024 Syriacis
691 3953 818 4009 Arabicis
843 3955 1017 4010 Armeniaois
1042 3955 1215 4026 Persicisque
1241 3955 1316 4028 Lips.
1347 3963 1422 4014 rata

257 4057 285 4111 p.
304 4047 355 4098 241
376 4061 438 4114 sqq.

343 4131 364 4202 ⁹)
384 4133 470 4189 Recte
484 4131 702 4202 Darcmbcrgns:
724 4133 896 4204 ‘L'ampleur
909 4133 947 4188 dn
967 4134 1075 4206 bagagc
1090 4135 1226 4190 litttrnire
1246 4137 1344 4192 etune
1359 4155 1421 4194 cer·

257 4219 335 4276 nine
353 4221 457 4277 enflruc
475 4221 541 4276 d'un
560 4223 632 4292 style
651 4222 746 4282 ditius,
766 4223 845 4278 n'ont
863 4239 913 4292 pos
931 4241 985 4294 pon
1005 4224 1150 4280 contributi
1164 4227 1181 4280 Ξι
1196 4225 1265 4280 taire
1279 4225 1306 4280 le
1320 4231 1422 4284 succes

257 4307 293 4364 do
311 4307 413 4366 Galien
435 4313 535 4381 cupri-s
558 4311 607 4366 des
626 4311 751 4366 Arabes?
790 4312 924 4380 diistoire
947 4313 997 4368 des
1019 4314 1149 4370 Sucnces
1165 4313 1319 4370 Medicales
1336 4315 1422 4374 Paris

260 4404 328 4454 18ῑο
347 4399 426 4455 Tom.
447 4399 459 4455 Ι
477 4417 504 4471 p.
525 4407 576 4457 208
595 4399 659 4456 ndu.
681 4405 715 4472 1.)
