2994 5024
502 117 510 127 μ
545 123 771 176 ”“·’,”Ὓ“’Ἶιτ,

544 376 789 444 -2ῶλ-

84 533 292 626 θερμότητος
324 531 598 624 ὑπολαμβάνοντι
632 543 789 625 γίνεσθαι
822 532 905 604 κατὰ
936 535 1000 624 τὴν
1030 541 1175 624 καρδίαν
1208 537 1246 606 ἕν
1326 560 1329 568 ·

84 659 157 725 τοῖς
181 653 309 733 θυμοῖς,
331 633 354 734 ᾖ
378 645 461 728 ζίσει
488 642 528 714 τό
549 669 585 714 τε
608 647 843 732 διαφυσᾶσθαι
867 643 904 712 τὸ
928 643 1111 733 πρόσωπον
1133 647 1245 716 ἕπεται

83 753 138 820 καλ
182 751 313 840 σύμπαν
350 751 506 840 ἐρεύθειν
538 779 572 821 τε
608 753 664 822 καὶ
697 759 947 840 θερμαίνεσθαι
977 752 1016 822 τὸ
1057 757 1152 842 σῶμα
1188 753 1245 824 καὶ

84 863 243 948 σφοδρῶς
265 863 380 950 πηδᾶν
401 859 464 948 τὴν
482 865 626 950 καρδίαν
650 859 716 930 σὺν
734 875 807 941 ταῖς
824 858 907 929 κατὰ
929 857 968 930 τὸ
994 863 1079 954 ζῷον
1101 859 1247 944 ἁπάσαις
1355 920 1358 932 .

85 965 266 1056 ἀρτηρίαις.
313 959 378 1058 ἆρα
402 959 466 1038 οὖν
490 965 508 1037 ὁ
534 965 680 1036 Πλάτων
703 965 820 1056 ἕτερόν
845 973 882 1036 τί
901 989 1023 1056 φησιν,
1047 968 1184 1039 ἐπειδὰν
1208 971 1273 1042 ἕνα
1322 1041 1327 1050 ,
1353 998 1357 1006 ’

89 1081 215 1167 Τιμαίῳ
246 1073 362 1166 γράφῃ
396 1073 474 1162 ’τὴν
504 1074 541 1143 δὲ
580 1073 622 1164 δὴ
654 1079 799 1162 καρδίαν
826 1072 894 1163 ἅμα
924 1079 993 1144 τῶν
1026 1081 1162 1166 φλεβῶν
1189 1078 1245 1148 καί

85 1181 209 1272 ’πηγὴν
240 1187 302 1254 τοῦ
335 1184 604 1274 περιφερομένου
636 1181 719 1252 κατὰ
756 1179 866 1251 πάντα
898 1179 940 1251 τὰ
972 1185 1054 1272 μέλη
1088 1189 1247 1277 σφοδριες

86 1293 237 1380 ἀἵματος
263 1295 312 1374 είς
333 1289 397 1380 τὴν
425 1289 658 1381 δορυφορικὴν
686 1303 819 1379 οἴκησιν
841 1291 1066 1379 κατέστησαν,
1094 1297 1167 1382 ἵνα,
1191 1291 1246 1365 ’σ’τε

87 1401 198 1480 ’ζίσειε
223 1397 261 1468 τὸ
289 1401 353 1468 τοῦ
379 1401 496 1485 θυμοῦ
522 1399 623 1485 μένος
649 1401 711 1469 τοῦ
738 1397 844 1486 λόγου
870 1405 1173 1488 παραγγείλαντος,
1201 1399 1247 1484 ῶς

86 1507 146 1588 ’τις
169 1505 286 1588 ἄλικος
307 1505 383 1594 περὶ
407 1501 492 1576 αὐτὰ
520 1511 668 1594 γίγνεται
692 1509 810 1594 πρᾶξις
833 1509 963 1589 ἔξωθεν
983 1501 1005 1596 ἢ
1028 1513 1088 1576 καί
1107 1534 1158 1590 τις
1179 1503 1245 1579 ἀπὸ
1260 1533 1286 1572 ιο

88 1615 166 1684 ’τῶν
190 1619 334 1685 ἔνδοθεν
358 1615 566 1702 ἐπιθυμιῶν,
598 1611 700 1697 ὀξέως
722 1613 778 1682 διδ
807 1612 945 1684 πάντων
973 1617 1042 1684 τῶν
1066 1619 1247 1686 στενωπῶν

87 1723 165 1792 ’πᾶν
190 1721 271 1792 ὅσον
298 1721 501 1810 αἰσθητικὸν
524 1721 562 1790 ἐν
588 1724 634 1814 τῷ
664 1719 791 1809 σῶματι
819 1725 889 1792 τῶν
910 1748 945 1792 τε
968 1721 1246 1810 παρακελεύσεαυ

89 1829 151 1898 ’καί
176 1827 322 1901 ἀπειλῶν
345 1827 598 1916 αἰσθανόμενον
621 1836 771 1916 γίγνοιτο
796 1829 957 1918 ε’πὴκοον’
981 1834 1028 1899 ἔτι
1053 1829 1090 1899 δὲ
1113 1829 1247 1916 τούτοις

88 1939 202 2028 ἐφεξῆς
224 1939 278 2008 καὶ
306 1937 386 2008 τάδε
414 1937 549 2026 γράφει·
577 1939 634 2028 ετῇ
664 1936 702 2006 δὲ
725 1935 769 2026 δὴ
792 1936 935 2026 πηδήσει
962 1941 1022 2028 τῆς
1043 1941 1185 2026 καρδίας
1207 1940 1246 2010 ἐν

120 2137 243 2194 uerba
260 2138 327 2194 iude
349 2136 387 2194 cb
405 2127 423 2208 ἦ
444 2133 519 2204 λίπει
537 2153 571 2192 οε
611 2151 627 2192 c
646 2135 682 2190 αδ
702 2130 849 2204 ἀρτηρίαις
867 2135 947 2193 omis.
965 2135 1024 2194 FP.
1045 2167 1079 2180 -
1103 2143 1120 2194 8
1139 2155 1244 2212 συμπε-

89 2211 237 2272 ραίτεσθαι
252 2210 275 2265 L
293 2211 509 2280 θερμαίνεσθαι
523 2153 616 2264 Fqul.
637 2238 671 2249 -
692 2215 708 2264 4
727 2205 781 2262 οὐν
795 2213 861 2263 autc
875 2215 939 2272 ταῖς
958 2227 1012 2266 om.
1027 2209 1059 2266 L.
1079 2241 1113 2252 -
1133 2217 1149 2267 b
1169 2207 1245 2268 ntei-

90 2297 142 2332 τωο
160 2281 196 2335 cf.
216 2282 288 2336 Plat.
308 2281 381 2337 Tim.
400 2299 427 2352 p.
449 2287 482 2336 ’λθ
496 2279 527 2336 Β.
548 2287 618 2364 -ηθ
637 2276 690 2349 τὴν
709 2277 741 2336 δὲ
761 2283 884 2348 καρδίαν
898 2279 1121 2338 ΡΡΜΑΒΟΙιΚ
1139 2277 1192 2338 τέν
1210 2279 1244 2340 dl

89 2347 122 2418 δὴ
140 2373 166 2407 ι.
186 2352 220 2415 L;
243 2353 278 2408 τί.
297 2353 383 2410 Proll
408 2371 436 2425 p.
456 2357 499 2408 θλ.
519 2383 552 2393 -
575 2372 638 2422 αμα
657 2349 709 2420 μὲν
732 2353 789 2406 τῶν
813 2353 926 2424 φλεβῶν
950 2353 1066 2410 ΜΡΑΒ
1093 2353 1138 2422 (cl.
1195 2355 1244 2412 oll.

89 2437 133 2546 [p.
151 2431 186 2480 ³⁵
206 2429 235 2480 et
254 2429 317 2485 llbl
336 2417 397 2494 ῶμα
415 2419 486 2494 μετά
507 2423 563 2480 τῶν
582 2427 628 2493 φλ.
647 2423 669 2478 F
689 2417 749 2494 ripa
769 2424 826 2508 τῶν
845 2428 890 2510 φλ.
912 2423 943 2480 L.
964 2457 995 2466 -
1017 2432 1033 2482 9
1053 2423 1144 2492 ζίοειί
1162 2445 1192 2482 τε
1211 2421 1244 2482 rei

111 2539 116 2546 .
135 2525 169 2537 -
189 2496 239 2552 rasi
257 2497 356 2568 θοροῦ
377 2495 502 2568 μέγεθος
520 2496 570 2550 τοῦ
591 2495 612 2550 L
631 2496 682 2551 τοῦ
703 2499 799 2566 θομοο
819 2515 905 2566 μενος
923 2497 974 2554 τοῦ
994 2492 1103 2569 (θύμου
1122 2519 1150 2569 μ.
1169 2517 1193 2553 τ.
1211 2495 1245 2570 Ρ)

90 2563 168 2624 ΝΔ
193 2569 243 2624 τοῦ
267 2567 456 2639 θυμουμένου
481 2567 530 2624 τοῦ
554 2565 655 2622 Bell<
679 2567 725 2634 (cl.
749 2567 1031 2637 Progr.11,no).-
1054 2561 1126 2624 ὅταν
1145 2563 1246 2634 ἄδικος

90 2633 305 2697 FPuABChK
323 2632 362 2704 ῶς
379 2661 421 2704 τις
439 2635 467 2696 οἱ,
494 2639 527 2695 la.
551 2669 584 2681 -
615 2646 648 2694 10
675 2641 806 2708 γίγνηται
824 2639 920 2710 l'(?)K
939 2641 1093 2710 γίνηταιΡ
1116 2642 1246 2712 γίγνεται

91 2705 254 2768 LMthh.
279 2743 313 2754 -
345 2719 376 2768 12
396 2707 429 2768 ίν
456 2713 494 2768 τῶ
523 2712 573 2766 tra
600 2711 621 2766 L
651 2706 684 2768 ίν
711 2711 749 2766 τῶ
777 2707 885 2781 οῶματι
913 2711 1040 2768 FPMA.
1065 2743 1099 2754 -
1122 2731 1151 2770 τε
1176 2715 1245 2771 ante

91 2787 219 2846 mnu.
245 2783 344 2841 anu
372 2777 580 2854 παρακλῶσεων
598 2785 628 2839 l’.
657 2813 691 2824 -
726 2789 758 2838 13
787 2786 914 2852 γίγνεται
942 2783 1087 2841 ΙιΡΜΔΒ
1112 2785 1245 2855 γίγνηται

91 2847 183 2909 ΡθθΚ
201 2859 327 2928 γίγνοιτο
345 2855 425 2913 οοδδ.
445 2856 532 2924 Plan
551 2855 587 2912 ct.
606 2853 682 2911 intra
700 2873 728 2926 p.
747 2861 798 2912 581
818 2855 891 2912 mccl
911 2855 945 2912 K
965 2885 999 2898 -
1019 2850 1137 2914 ίπίκοον
1155 2855 1194 2916 ll.
1208 2887 1243 2900 -

95 2929 122 2976 ll
139 2925 171 2998 τῇ
191 2923 220 2982 δ’
241 2931 307 2984 stan
326 2922 449 3000 πηδήσει
466 2929 499 2984 h.
519 2957 553 2968 -

92 3125 214 3208 quidem
237 3129 366 3196 fervore
386 3127 537 3214 efficitur,
560 3131 598 3194 ut
616 3133 649 3195 et
667 3127 770 3194 iacies
788 3127 920 3195 infletur
939 3132 973 3195 ct
994 3133 1102 3198 totum
1125 3152 1244 3220 corpus

91 3231 235 3302 rubescat
257 3237 465 3324 calescatque
489 3257 607 3322 corque
631 3237 739 3322 ipsum
762 3257 828 3302 una
851 3259 924 3303 cum
948 3237 1102 3304 omnibus
1121 3241 1243 3308 enima-

91 3332 128 3400 lis
154 3345 284 3410 arteriis
312 3341 522 3409 vehementer
549 3342 698 3429 palpitet.
753 3343 806 3409 An
834 3343 930 3411 Plato
959 3367 1052 3432 secus
1081 3347 1142 3432 ait,
1170 3369 1244 3416 cum

92 3441 122 3510 in
151 3447 284 3519 llmaeo
313 3451 361 3518 ita
394 3451 524 3518 scribit:
578 3447 670 3517 ‘Cor
707 3473 798 3516 vero
841 3451 958 3519 simul
992 3457 1029 3518 et
1062 3473 1243 3522 renerum

93 3549 229 3628 fontem
267 3563 304 3627 ct
337 3561 420 3626 eius
452 3557 674 3646 sanguinis,
710 3557 774 3644 qui
812 3581 879 3646 per
913 3559 1042 3628 omnia
1074 3561 1244 3630 membra

93 3661 332 3735 vehementer
372 3669 662 3750 circumfertur,
707 3667 747 3732 in
795 3668 990 3735 satellitis
1037 3666 1243 3738 domicilio

94 3771 397 3860 collocat-eruut,
416 3783 469 3862 ut,
489 3773 640 3863 quaudo
660 3775 741 3840 irae
756 3775 816 3840 ris
834 3775 1074 3842 fervesceret
1088 3779 1243 3848 ratione

94 3873 229 3952 iniuste
253 3883 406 3973 aliquid
431 3883 491 3949 rel
516 3883 764 3949 extrinsecus
794 3883 845 3950 iis
874 3883 935 3949 rel
958 3885 1066 3950 intus
1090 3909 1109 3952 α
1133 3887 1242 3974 cupi·

94 3979 280 4060 litatibus
298 3993 392 4060 fieri
411 3993 636 4074 nuntiante,
660 3989 861 4077 celeriter,
885 3991 1077 4076 quidquid
1101 3993 1140 4060 iu
1159 4015 1243 4063 cor·

95 4109 175 4170 l0rc
202 4123 343 4167 sensus
372 4099 572 4186 particeps
605 4105 723 4182 esset,
751 4120 818 4185 per
846 4119 978 4165 omues
1007 4101 1243 4188 angiportus

95 4199 431 4275 rdhortatiouibus
462 4207 656 4294 ruinisque
685 4207 884 4293 perceptis
914 4205 1098 4274 exaudire
1127 4215 1242 4300 atque

97 4303 267 4383 oboedire
290 4314 446 4403 posset'
492 4315 575 4382 ltem
599 4315 753 4400 deinceps
776 4313 856 4380 hacc
882 4311 1013 4380 scribit:
1050 4313 1244 4404 ‘Palpitm

96 4409 184 4486 iloni
205 4445 296 4490 rero
317 4421 444 4490 cordis
469 4423 508 4490 iu
530 4423 772 4491 terribilium
797 4441 925 4486 rerum
945 4424 1243 4508 exspectatione

146 4531 222 4582 nuces
236 4539 264 4582 a·
278 4539 339 4582 rue.
355 4539 414 4582 rue
427 4545 450 4581 a
465 4541 573 4590 rassae.
587 4537 647 4582 rua
993 4531 1026 4582 ιτ
