2960 5032
664 423 911 494 -110-

205 587 531 676 praetermitteretur.
554 587 642 656 Nnnr
657 587 713 656 fol.
729 589 799 672 θ’θ’,
814 589 866 656 24.
881 589 925 656 25
944 585 1100 676 φυλακὴν
1112 586 1252 670 πόλεως·
1270 583 1371 659 τοῦτ’

204 694 559 786 ἐπισημουσυνάμενος
572 693 683 782 ὥσπερ
698 693 834 775 ξύνεσιν
848 700 866 762 ε’
863 721 926 783 χον
942 699 1102 784 scriptum
1116 701 1266 786 legimus,
1285 723 1373 787 quo-

203 829 277 874 rum
300 807 475 873 verborum
497 805 608 890 priora
632 801 788 888 φυλακὴν
811 802 939 883 πόλεως
961 829 992 892 p.
1008 808 1069 874 741
1093 829 1121 873 ο.
1139 808 1232 892 ωειλ,
1254 817 1372 894 poste-

203 914 293 982 riore
314 906 406 980 τοῦτ’
432 908 722 998 ἐπισημηνάμενος
744 907 790 990 ὡς
811 909 1040 998 παραξύνεσιν
1068 911 1160 1000 (nem
1183 916 1231 982 sic
1254 916 1370 1003 legen·

203 1018 296 1108 dum)
318 1045 349 1108 p.
370 1021 436 1086 745
458 1042 489 1105 p.
507 1019 590 1086 med.
613 1021 824 1087 inveniuntur
847 1021 978 1091 omissis
1002 1023 1214 1108 septuaginta
1236 1024 1369 1090 duobus

198 1129 357 1196 ‘editionis
381 1126 509 1194 Kuehn.
533 1129 696 1214 versibus,
718 1129 775 1215 qui
797 1134 939 1215 quatuor
957 1133 991 1194 et
1013 1129 1232 1216 quadraginta
1251 1155 1368 1198 versus

203 1236 255 1303 vel
274 1236 438 1323 integrum
457 1235 614 1322 paginam
629 1235 750 1301 codicis
770 1237 958 1321 conficiunt,
978 1237 1006 1303 si
1025 1237 1157 1321 quidem
1170 1261 1258 1322 eum,
1278 1242 1367 1306 unde

203 1345 238 1412 M
261 1344 445 1430 descriptus
464 1349 528 1426 est,
551 1343 689 1409 totidem
709 1343 776 1408 fere
796 1345 914 1428 linens,
938 1349 1018 1430 quot
1031 1343 1080 1426 M,
1102 1343 1259 1412 habuisse
1278 1351 1367 1415 eoni-

203 1473 276 1518 cere
298 1451 385 1518 licet.
423 1450 486 1518 Sed
508 1474 575 1518 non
599 1452 707 1517 solum
730 1451 764 1516 in
781 1452 830 1536 M,
853 1453 909 1518 sed
933 1453 1034 1518 etiam
1053 1451 1088 1518 in
1103 1449 1162 1518 CL
1181 1455 1372 1540 ceterisque.

204 1559 294 1627 codd.
322 1559 465 1646 vestigia
496 1557 724 1644 neglegentiae
757 1582 796 1624 ex
824 1559 1098 1627 homoeoteleutis
1125 1565 1224 1625 natae
1252 1561 1368 1646 depre-

203 1667 402 1752 hendmrtur,
425 1667 515 1731 velut
538 1665 572 1731 in
592 1665 617 1730 L
638 1689 668 1750 p.
688 1667 750 1730 :llil
774 1673 849 1732 ante
869 1668 951 1734 rned.
970 1663 988 1734 ὁ
1008 1663 1108 1752 λόγος
1131 1665 1166 1732 ἐκ
1189 1668 1251 1734 τοῦ
1274 1667 1367 1752 ε’γκε-

203 1771 316 1858 φάλου
343 1797 404 1860 pro
432 1773 499 1840 illis
528 1767 545 1839 δ
570 1771 670 1857 λόγος
696 1767 758 1838 ὑπὸ
783 1775 840 1858 τῆς
863 1777 1017 1852 διανοίας
1045 1773 1254 1860 ἐκπέμπεται·
1285 1771 1303 1860 ἡ
1329 1771 1363 1842 δ’

204 1880 313 1968 ἑτέρα,
341 1875 359 1948 ὁ
384 1877 485 1965 λόγος
507 1879 543 1946 ἐκ
565 1882 628 1946 τοῦ
651 1879 717 1964 ε’γκ.
741 1883 900 1967 scriptum
924 1889 1032 1950 exstat
1055 1885 1251 1968 omninoque
1275 1883 1366 1950 idern

203 2012 306 2078 genus
330 1990 403 2055 vitii
427 1990 500 2074 plus
524 1988 631 2054 decies
646 2012 811 2055 recurrere
835 1992 1052 2078 repperimue;
1077 1991 1223 2058 codicem
1247 1991 1365 2058 editio·

203 2099 254 2164 nis
278 2097 431 2180 Aldinae,
455 2119 653 2182 quamquam
678 2098 781 2164 multo
801 2100 906 2164 rarius
929 2122 1028 2184 quum
1047 2099 1081 2164 M
1106 2099 1167 2164 hae
1191 2100 1226 2164 iu
1249 2122 1284 2164 re
1309 2100 1363 2166 de·

203 2205 313 2292 liquit,
340 2209 452 2270 tumen
478 2227 685 2289 nequaquam
713 2205 811 2290 eulpa
839 2229 955 2272 vacare
984 2207 1083 2272 variis
1108 2206 1265 2290 exemplis
1290 2230 1365 2292 pro-

202 2313 276 2380 bari
300 2317 421 2398 potest,
449 2333 533 2396 quae
561 2315 672 2377 tumen
700 2313 891 2399 plerumque
917 2337 983 2381 non
1010 2314 1099 2380 illius
1127 2315 1276 2399 propria,
1306 2317 1363 2381 nell

203 2441 276 2486 eum
309 2417 344 2484 M
378 2419 564 2484 communie
604 2425 693 2502 siml,
729 2425 766 2484 ut
803 2421 977 2508 intellegas
1011 2422 1078 2488 ium
1110 2423 1144 2488 in
1180 2421 1362 2508 archetypo

202 2527 362 2611 familiae,
390 2527 473 2592 unde
497 2525 568 2592 MA
592 2527 752 2612 originem
780 2527 930 2598 trahunt.
958 2529 1021 2596 hoe
1048 2530 1083 2594 in
1107 2549 1224 2616 genere
1247 2553 1361 2614 pereu-

202 2638 273 2699 tum
297 2657 377 2700 esse.
414 2633 449 2699 P.
463 2636 529 2700 486
544 2657 574 2720 p.
594 2635 676 2698 med.
700 2635 785 2700 inter
808 2639 1013 2716 ποοσιέσθαί
1031 2660 1060 2701 τι
1086 2641 1144 2702 καί
1165 2641 1199 2702 et
1220 2635 1362 2722 φεύγειν

202 2741 361 2807 infinitivi
389 2733 615 2826 ἀπαρνεῖσθαι
643 2741 695 2806 καὶ
726 2738 862 2808 διώκειν
889 2744 1020 2826 desunt,
1047 2743 1361 2832 qnosLserrnvi13

202 2873 233 2936 p.
256 2851 321 2915 347
346 2873 376 2934 p.
405 2849 447 2914 in.
471 2851 610 2936 legimus
639 2850 674 2914 in
702 2848 948 2938 mineum:
981 2848 1141 2934 συνάγων
1164 2847 1209 2930 ὡς
1235 2847 1361 2920 ταύτὸν

202 2951 287 3022 αὐτὰ
310 2953 479 3040 καθάπερ,
503 2981 562 3042 pro
586 2979 650 3043 quo
674 2981 734 3022 nos
758 2958 831 3023 coll.
853 2981 883 3044 p.
898 2959 964 3024 3132
989 2967 1054 3026 unt.
1078 2961 1131 3026 lin.
1155 2961 1360 3028 restituimus

203 3061 382 3131 συνάπτων
397 3067 444 3142 εἰς
457 3057 582 3130 ταύτὸν
598 3062 658 3128 καλ
681 3061 721 3128 τὸ
739 3063 1049 3151 ἐπιθυμητικόν,
1063 3063 1232 3150 καθάπεμε
1247 3091 1277 3153 p.
1293 3071 1360 3134 (llll

202 3178 277 3240 ante
301 3173 354 3238 fin.
378 3169 589 3238 ll.lB(⁸lrl{:
621 3166 693 3237 ἀλλ’
721 3169 831 3238 ἐκεῖνά
856 3197 890 3258 γε
920 3171 1070 3241 δυνατὸν
1100 3164 1141 3260 ἦν
1164 3169 1253 3264 αὐτῷ
1277 3173 1358 3262 παρ’

201 3273 305 3366 αὐτῆς
326 3280 384 3365 τῆς
406 3280 474 3346 τῶν
497 3275 701 3365 πραγμάτων
719 3275 853 3364 φάσεως
870 3279 1098 3368 μεμαθηκέναι
1118 3278 1158 3348 τά
1179 3283 1360 3368 λελεγμένα

201 3383 284 3454 κατὰ
312 3382 391 3466 τοὺς
418 3381 629 3471 άφορισμοὺς
657 3387 693 3452 ἐν
716 3389 794 3474 τῇδε
822 3413 861 3475 τμ
893 3386 1003 3473 ῥήσει,
1031 3411 1127 3474 quern
1155 3391 1262 3456 locum
1291 3417 1360 3460 eor-

201 3501 333 3581 ruptum
358 3498 405 3562 ita
428 3495 630 3578 narravimus,
654 3510 689 3560 ut
713 3497 799 3560 inter
821 3495 1049 3581 μεμαθηκέναι
1069 3510 1101 3562 et
1120 3493 1160 3564 τά
1179 3499 1359 3584 λελεγμένα

201 3605 416 3670 insereremus
439 3598 591 3684 καθάπερ
616 3626 650 3686 γε
676 3602 728 3667 καλ
750 3604 811 3669 hoe
832 3627 942 3670 seusu:
966 3605 1046 3671 ‘Sed
1066 3605 1197 3672 ethaeo
1222 3607 1276 3690 qde
1290 3610 1359 3693 qui-

201 3713 262 3778 bue
287 3711 382 3778 morlo
406 3710 609 3795 disputatum
634 3715 698 3797 est)
716 3712 809 3778 l'lnto
833 3714 942 3798 potnit
960 3735 998 3778 ex
1017 3713 1091 3797 ipsu
1110 3735 1219 3780 rerum
1240 3723 1357 3782 nutum

201 3819 335 3906 cognitu
357 3819 478 3884 habere
502 3823 535 3883 et
549 3819 621 3890 illu.
645 3820 779 3903 quaein
800 3819 1008 3904 ,lplnrrisnris
1028 3819 1247 3905 Hippocrates
1267 3821 1358 3888 hin-e

202 3928 309 3992 verbis
333 3926 442 4010 ‹lieit’3
470 3949 501 4012 p.
527 3927 590 3992 713
614 3949 645 4012 p.
670 3927 752 3992 merl.
776 3927 866 3993 codd.
890 3935 923 3991 et
946 3927 1029 3993 edel:
1052 3923 1136 4008 πρὸς
1158 3923 1219 3994 τὸν
1243 3925 1358 4016 ἐρόμε-

202 4057 279 4115 νον,
302 4035 334 4100 ελ
356 4031 475 4098 δοτιόν
498 4027 595 4100 οἶνον
619 4045 689 4112 τοῖς
712 4033 948 4116 πυρέττουσιν,
972 4027 1186 4118 άποκμιτεόν,
1209 4031 1255 4114 ὡς
1273 4040 1357 4126 τῷδε

200 4139 263 4226 μέν
294 4165 358 4206 τινι
390 4139 509 4206 δοτιόν
539 4141 623 4210 lori:
655 4165 805 4208 munerun
836 4142 1019 4207 orationem
1050 4143 1250 4227 expulerimus
1281 4149 1358 4213 seri-

201 4249 313 4314 bentos
338 4242 384 4325 ὡς
405 4249 489 4336 τῷδε
512 4247 574 4333 μιύ
597 4275 663 4315 τινι
688 4247 821 4320 δοτέον,
850 4250 946 4338 τῷδε
975 4245 1012 4314 δὲ
1036 4243 1083 4314 οὐ
1106 4249 1247 4316 δοτέον
1271 4251 1357 4330 ἐστίς

200 4379 231 4444 p.
246 4357 309 4424 801
335 4362 411 4422 unte
436 4357 489 4422 lin.
511 4379 567 4422 sex
590 4357 657 4426 l'ere
680 4361 814 4444 στίχους
837 4381 854 4424 e
877 4359 950 4425 loeo
971 4357 1156 4446 l‘lutouieo,
1178 4383 1274 4446 ιμιοιιι
1294 4365 1357 4428 tlu-
