2960 5032
710 422 867 490 -.100
911 457 955 472 -

252 585 334 654 orb.
361 579 495 654 subesse
521 607 589 654 non
616 583 916 652 animadvertentes
944 582 995 652 ch
1025 589 1060 650 et
1085 583 1117 652 K
1144 583 1254 652 locum
1281 606 1419 671 prorsus

252 693 523 782 depravavenmt
559 693 612 760 Ibi
635 696 723 760 enim
746 693 783 760 in
805 693 909 760 MAB
934 693 1094 780 scriptum
1118 697 1168 758 est
1190 687 1276 759 ὅταν
1298 687 1330 758 d’
1349 693 1420 758 r‘xn·

253 802 321 881 νολς
347 797 423 888 ἤδη
450 797 491 866 τὰ
519 797 603 867 κατὰ
629 798 694 887 τὴν
721 797 865 886 ἄσκησιν
894 793 984 891 αὐτῷ
1012 797 1207 886 προήκειν,
1233 802 1420 886 τηνικαῦτα

252 933 283 978 ιι.
297 933 326 977 τ.
339 913 384 988 λ.;
408 907 601 976 Churterius
620 911 762 978 coniecit
779 905 862 976 ὅταν
880 903 912 975 d’
930 909 972 975 tx.
991 911 1055 996 λιλη
1070 945 1115 956 -
1132 905 1308 994 προήκειν,
1331 909 1420 995 ιμιοιλ

251 1015 426 1084 Knehnius
446 1016 583 1104 recepit!
606 1017 677 1084 Nos
698 1013 780 1084 ὅταν
803 1055 848 1066 -
871 1011 945 1103 ἤδη
969 1052 1015 1065 -
1036 1013 1179 1102 προήκη
1203 1017 1421 1083 restituimus.

253 1123 368 1192 Etiam
391 1148 421 1192 ει
444 1123 497 1192 vel
520 1148 573 1192 ειν
596 1130 629 1191 et
651 1149 693 1192 ον
710 1147 945 1212 nonnunquam
963 1125 1218 1210 permutationis
1235 1125 1323 1192 vices
1344 1125 1421 1190 suo

254 1236 347 1318 eunt,
371 1233 474 1300 veluti
496 1256 527 1319 p.
546 1233 611 1299 617
636 1255 667 1318 p.
691 1233 734 1300 in.
758 1241 791 1299 et
816 1235 880 1298 ῖθλ
905 1237 980 1298 ante
1004 1233 1057 1298 fin
1081 1233 1116 1298 iu
1135 1232 1168 1298 M
1193 1227 1333 1319 ὑπάρχει
1359 1256 1421 1318 pro

253 1334 410 1425 ὑπάρχον
430 1344 463 1406 et
482 1341 516 1406 in
536 1340 606 1406 MA
625 1364 656 1426 p.
671 1343 736 1406 ι’)λλ
756 1346 849 1426 extu,
872 1341 921 1408 uti
940 1363 1039 1426 supra
1058 1339 1323 1424 memoravimus,
1347 1341 1422 1405 ιλια-

255 1443 373 1533 φέρειν
400 1471 460 1533 pro
488 1446 654 1532 ιλιαφέφον
682 1449 841 1534 scriptum
869 1447 1063 1514 invenimus.
1113 1448 1164 1514 Ne
1192 1447 1256 1514 hoc
1285 1447 1421 1532 quidem

256 1555 398 1622 editores
423 1556 506 1622 satis
529 1561 624 1622 acute
648 1557 812 1642 viderrmt3
840 1579 917 1623 nam
941 1556 1126 1642 complures
1153 1555 1311 1620 lectiones
1335 1555 1422 1620 eius-

255 1662 330 1728 dem
357 1665 533 1749 pravitutis
561 1664 703 1729 intactus
732 1665 942 1749 reliqucrmrt.
988 1664 1022 1729 P.
1045 1665 1109 1728 ι’)ῖλ
1140 1663 1223 1728 med.
1250 1663 1363 1728 locum
1389 1673 1422 1726 et

255 1771 420 1856 scriptura
439 1775 472 1836 et
490 1771 752 1854 interpunctione
772 1779 1027 1837 occaecaveruut
1046 1772 1092 1837 sic
1108 1771 1302 1838 scribentes:
1326 1777 1423 1852 εἰπερ

256 1867 320 1944 οὖν
346 1875 490 1944 ἕκαστον
516 1874 639 1963 μόριον
667 1878 700 1958 έξ
728 1874 931 1963 ὁμοιοτάτου
958 1875 1041 1944 κατὰ
1069 1875 1131 1964 την
1160 1873 1282 1944 οὐσίαν
1311 1875 1423 1968 ἑαυτῷ

254 1983 408 2071 τρέφεται
439 1987 560 2070 χνλοῦ,
593 1985 647 2051 καλ
677 1987 799 2052 τοῦτον
827 1983 1091 2072 παρασκευάζειν
1121 1983 1227 2076 ἑαυτῷ
1256 1984 1425 2068 πέφυκεν,

254 2084 417 2159 ἀλλοιοῦν
444 2115 479 2157 τε
507 2091 560 2158 καλ
590 2091 810 2178 μεταβάλλειν
841 2089 858 2180 η
887 2097 948 2160 τοὺ
975 2095 1115 2179 αἵματος
1141 2093 1286 2178 γένεσις,
1317 2096 1425 2178 ἔργον

253 2200 313 2286 τῆς
336 2195 461 2286 ἥπατος
483 2199 615 2285 σαρκός.
653 2201 723 2268 Nos
748 2203 845 2268 aliter
866 2203 1128 2288 interpungcndo
1152 2216 1186 2267 et
1207 2198 1425 2286 μεταβάλλον

255 2309 427 2377 scribendo
453 2310 636 2376 orationem
661 2311 868 2395 perspicuum
892 2311 1067 2376 ctt'ccimus.
1099 2310 1135 2376 Ρ.
1154 2312 1217 2376 ἵλλ)
1238 2315 1314 2375 oute
1334 2311 1424 2375 med.

254 2413 468 2483 MABOhK:
491 2405 517 2506 ᾦ
542 2415 597 2483 καὶ
622 2415 728 2500 ιλῑγλιλν
753 2417 821 2483 έστι
844 2413 882 2484 τὸ
906 2411 1039 2502 άθηόον
1062 2415 1153 2502 πόμα
1172 2455 1217 2466 -
1237 2416 1425 2501 ἐρεθίζειν

256 2519 295 2590 τὸ
323 2524 408 2613 ζῷον
432 2527 479 2603 εἰς
502 2527 599 2610 βῆχα,
622 2549 683 2592 nos
709 2525 889 2610 έρεθίζονς
913 2525 963 2591 illi
986 2549 1017 2610 p.
1043 2525 1106 2590 733
1136 2527 1179 2592 in.
1202 2519 1253 2590 ἐπ’
1280 2523 1354 2591 ἔνιά
1387 2553 1424 2612 γε

254 2627 322 2718 μὴν
345 2625 454 2710 οὕτως
476 2631 620 2718 ἰσχυράν
643 2630 791 2718 δύναμιν
815 2637 924 2718 ἕχον,
947 2656 1007 2698 nos
1027 2634 1105 2718 ἔχεις
1130 2634 1180 2698 illi
1202 2657 1233 2719 p.
1249 2635 1315 2698 ter
1336 2637 1425 2701 med.

255 2745 303 2818 ελς
324 2762 359 2805 τε
383 2737 446 2825 την
464 2737 618 2826 λατοικλην
637 2740 757 2826 τέχνην
775 2737 939 2826 χρήσιμον
962 2735 1155 2824 ὑπάρχεινν.
1177 2736 1426 2827 συνυπάρχον.

344 2847 424 2912 Alia
446 2850 646 2934 permutatio
672 2855 721 2914 est
745 2851 926 2916 formarum
949 2873 977 2914 ει
997 2845 1077 2936 (ειν)
1097 2855 1131 2913 ct
1149 2871 1209 2914 ων.
1239 2849 1279 2914 λιι
1293 2850 1329 2915 M
1348 2855 1426 2936 qui-

255 2951 329 3020 dem
348 2977 379 3040 p.
395 2955 459 3022 746
479 2961 559 3022 extr.
582 2951 600 3022 ὁ
624 2953 789 3040 πρότερον
814 2951 976 3040 ὑπάρχειν
998 2979 1058 3040 pro
1081 2950 1240 3042 ὑπάρχον
1257 2959 1426 3044 scriptrun

254 3061 440 3158 invenimus
463 3067 496 3128 et
518 3065 554 3130 in
572 3064 638 3130 MF
644 3064 670 3130 P
696 3063 952 3150 perspersi.
977 3063 1174 3150 διαπέμπειν
1196 3087 1257 3151 μευ
1280 3066 1427 3154 διαπέμ-

255 3191 339 3238 πων.
383 3167 499 3257 Itaque
528 3173 668 3238 editores
696 3197 762 3238 nou
786 3172 950 3236 debebunt
976 3173 1139 3258 integram
1167 3181 1282 3258 putare
1305 3174 1428 3244 lectio-

254 3297 331 3343 nem
358 3277 424 3344 loci
446 3277 623 3364 Platonici,
652 3283 707 3364 qui
731 3305 761 3365 p.
787 3281 851 3346 154
879 3281 961 3345 med.
989 3281 1168 3347 invenitur:
1197 3279 1271 3367 περὶ
1301 3271 1344 3348 οὗ
1377 3279 1426 3350 ἂν

260 3381 433 3452 διδάσκων
456 3383 570 3472 terem
594 3386 665 3472 lege
691 3385 874 3453 ιλιιλάσκειν.

344 3491 385 3560 λιι
402 3495 689 3560 terminationibus
705 3517 933 3578 personarum,
952 3501 1151 3584 temporum,
1170 3497 1342 3564 modorum
1364 3523 1424 3567 va-

257 3598 308 3668 rio
336 3600 434 3667 modo
462 3607 632 3687 peccatum
660 3607 719 3667 est.
765 3601 804 3668 Iu
826 3601 896 3668 MA
924 3626 955 3688 p.
979 3605 1046 3670 500
1073 3627 1101 3670 a.
1129 3607 1212 3672 med.
1241 3604 1327 3690 λέγω
1357 3631 1424 3694 pro

255 3705 377 3794 λέγεις,
404 3733 435 3795 p.
459 3711 524 3776 547
548 3710 592 3775 in.
616 3703 845 3796 ἀναγκασθείη
870 3733 930 3797 pro
954 3705 1219 3797 άναγιιασθειής,
1243 3737 1274 3800 p.
1297 3717 1365 3782 ool)
1393 3745 1425 3786 u.

255 3839 298 3882 m.
318 3815 431 3882 ἐθέλοι
450 3840 508 3902 pro
524 3817 670 3896 ἐθέλοις.
691 3841 720 3901 p.
735 3820 801 3882 :394
826 3842 855 3904 p.
876 3821 957 3884 med.
981 3823 1136 3906 βουληθη
1161 3845 1221 3907 pro
1241 3825 1425 3912 βουληθῇς

255 3925 402 4010 positum
425 3931 522 4012 atque
547 3927 588 3992 ab
613 3927 794 3991 editoribus
814 3928 1051 4010 posterioribus
1071 3917 1254 3996 correctum
1277 3939 1338 4002 est.
1361 3938 1424 4020 qui

255 4037 368 4099 tamen
391 4055 448 4098 cur
471 4058 501 4120 p.
525 4035 590 4099 392
620 4051 694 4119 post
725 4035 806 4100 ruod.
830 4033 975 4120 γέγραφε
1005 4050 1036 4102 et
1061 4039 1126 4102 oes
1151 4061 1182 4124 p.
1205 4038 1249 4104 in.
1269 4039 1427 4122 dyona-ev

254 4161 323 4206 non
348 4139 384 4206 in
412 4137 563 4224 γέγραφα
591 4155 622 4206 ct
651 4145 780 4224 ε”γμιιιιι
807 4144 1019 4226 mutaverint,
1047 4145 1167 4210 minim
1195 4151 1253 4212 est.
1303 4145 1426 4224 Iidem.

257 4245 313 4334 qui
341 4267 372 4332 p.
401 4247 465 4312 eso
493 4249 537 4313 iu.
567 4245 832 4334 πεπιστεύκαμεν
864 4251 898 4316 iu
931 4247 1162 4318 πεπιστεύκασι
1198 4259 1426 4332 mutaverunt.

255 4374 288 4440 p.
303 4353 366 4418 ‘131
383 4377 414 4439 p.
428 4354 471 4420 in.
490 4348 767 4442 ἀμφισβητοῦμεν
786 4359 820 4424 iu
839 4353 1111 4444 ἀμφισβητοῦσιν
1129 4363 1183 4434 ιολ.
1198 4386 1298 4448 supra
1312 4387 1343 4449 p.
1358 4367 1425 4456 33)

255 4481 323 4530 nou
339 4467 548 4529 mutaverunt
562 4487 620 4530 uec
636 4469 743 4552 magis
758 4489 788 4552 p.
803 4469 869 4532 ὐλθ
884 4467 966 4533 mod.
980 4467 1236 4554 παμεφυλάξιιτο
1255 4487 1288 4536 ct
1302 4495 1334 4557 p.
1353 4475 1425 4542 too
