3018 5036
688 299 931 364 ...734-

226 454 318 538 ὀπις
344 457 388 526 άν
418 483 471 536 τις
500 452 677 544 ὀνομάζειν
713 455 895 546 βούληται.
934 459 1176 546 συγχωροῦμεν
1208 452 1312 548 αὐτῷ,
1347 455 1397 544 μή

226 591 298 647 πως
318 562 401 652 ἡμῖν
422 563 460 634 τὸ
484 561 654 650 πάρεργον
676 567 738 632 τοῦ
767 569 870 650 ἔργου
896 571 1010 653 μεῖζον
1037 565 1183 652 γίνηται.
1229 563 1397 654 χρώμεθα

227 669 292 760 γὰρ
326 668 470 760 ὀνόμασι
501 671 557 739 καί
591 669 677 749 ὅλως
708 673 748 758 τῇ
779 669 864 756 πρὸς
895 667 1063 758 ἀλλήλους
1095 671 1256 762 διαλέκτῳ
1284 671 1393 760 χάριν

162 795 217 852 ἳξὸ
227 781 289 847 τοῦ
312 783 461 867 δηλῶσαι
494 777 553 859 τὰς
574 777 657 846 κατὰ
680 776 744 865 τήν
772 778 778 864 Ι
807 779 920 866 φυγὴν
948 779 1063 861 ὁόξας,
1095 775 1136 860 ἃς
1164 781 1200 846 lx
1227 781 1288 848 τοῦ
1311 799 1394 848 σκο-

200 897 366 956 auersum
402 885 466 975 τήν
500 889 570 955 τῶν
600 884 806 972 πραγμάτων
842 885 949 972 φύσιν
981 885 1201 974 ἐκτησάμεθα.
1254 892 1397 972 γελοῖον

228 985 292 1064 οὖν
315 995 384 1064 έστι
407 993 651 1074 καταλιπόντας
673 995 773 1062 τοῦτο
788 993 862 1079 περὶ
887 997 956 1062 τῶν
975 991 1154 1082 ὀνομάτων
1172 989 1397 1080 ἁμιλλᾶσθαι.

227 1105 297 1182 πῶς
319 1101 360 1170 δέ
379 1121 486 1188 φησιν
503 1099 522 1170 ὀ
541 1099 760 1190 Ἱπποκράτης
783 1100 927 1187 τὴντῶν
945 1101 1152 1190 πραγμάτων
1173 1097 1394 1190 εὑρίσκεσθαι

227 1207 349 1295 φόσιν;
387 1207 448 1277 έάν
474 1204 539 1276 άπὸ
573 1210 641 1276 τῶν
668 1213 835 1294 μεγίστων
862 1209 918 1277 καλ
946 1209 1080 1300 ῥᾴστων
1107 1205 1299 1296 άρξτόμεθα·
1333 1234 1395 1295 με-

227 1321 352 1404 γίστων
373 1315 438 1404 μὲν
459 1314 543 1384 κατὰ
565 1313 636 1402 τὴν·
651 1321 778 1402 χρείαν,
802 1314 936 1406 ῥᾴστων
965 1317 1003 1386 di
1030 1315 1114 1386 κατά
1136 1315 1199 1404 τὴν
1228 1313 1395 1403 ἡμετέραν

188 1445 214 1484 1⁰
228 1427 365 1510 γνῶσιν.
401 1421 422 1511 ἡ
445 1423 510 1511 γάρ
531 1449 583 1492 τοι
607 1420 710 1509 φύσις
732 1422 832 1512 ἄμφω
856 1421 956 1492 ταῦθ’
982 1421 1064 1512 ἡμῖν
1087 1429 1223 1508 idonea,
1246 1420 1333 1492 αιἰτά
1357 1451 1393 1492 τε

226 1529 269 1599 τά
290 1530 445 1621 κριτήρια
477 1531 532 1599 καλ
563 1529 601 1598 τὸ
626 1529 796 1600 πιστεύειν
827 1527 942 1612 αὐτοῖς
974 1529 1171 1613 άδιὸάιιτως.
1216 1529 1300 1600 αότά
1325 1532 1395 1620 μὲν

228 1630 294 1708 οὖν
323 1637 363 1708 τά
387 1635 541 1728 κριτήρια
563 1636 605 1705 τά
628 1636 816 1736 τεγόργανα
838 1642 907 1708 των
940 1637 1130 1726 αι’σθὴσεοίν
1163 1642 1231 1709 ε’στι
1263 1639 1320 1708 καλ
1354 1645 1396 1708 αί

227 1745 397 1836 χρώμεναι
427 1760 497 1826 τοῖς
529 1741 689 1833 ὀργάνοις
711 1743 885 1834 δυνάμεις·
920 1743 1000 1834 ἡδὲ
1029 1753 1138 1828 πίστις
1169 1745 1282 1816 αὐτῶν
1315 1744 1392 1816 άὸί-

228 1852 350 1935 δαιτός
378 1880 415 1923 τε
446 1853 501 1921 καλ
534 1853 635 1940 φύσει
668 1851 730 1922 οὐκ
752 1851 949 1940 ἀνθρώποις
970 1851 1095 1942 μόνον,
1127 1852 1289 1924 ἀλλὰκαὶ
1314 1870 1389 1936 τοῖς

188 1959 342 2042 ιᾱάλλοις
379 1959 474 2054 ζῴοις
507 1958 714 2048 ὑπάρχουσα.
759 1961 815 2030 καὶ
848 1959 913 2048 γάρ
945 1959 1077 2048 ὁρῶντα
1108 1961 1170 2031 τὸν
1201 1963 1390 2050 προσιόντα

227 2069 282 2138 καλ
307 2065 475 2138 άτούοντα
498 2066 615 2155 ψόφου
646 2068 739 2148 τινὸς
764 2065 781 2155 'l
805 2072 921 2156 φωνῆς
953 2065 1137 2156 ὑποφεύγει
1173 2069 1236 2157 μέν
1268 2067 1391 2139 αὐτίκα

227 2182 379 2266 μείζονος
411 2173 580 2263 ὀφθέντος
612 2175 714 2266 ζῴου.
746 2179 837 2263 μένει
866 2175 903 2245 ot
935 2201 1017 2244 κατα
1046 2175 1178 2264 χάραν,
1211 2177 1272 2246 ἐὰν
1295 2178 1390 2246 έλάτ-

228 2283 328 2365 τονός
353 2309 389 2353 τε
416 2285 471 2352 καὶ
500 2280 747 2372 ἀσθενεστέρου
774 2287 836 2352 τοῦ
862 2281 1063 2372 προσιόντος
1091 2283 1306 2374 αίσθάνιγται.
1358 2291 1392 2354 εί

265 2471 280 2520 t
300 2459 486 2534 εόρίσιιεοθαι
504 2463 591 2533 ppulo
610 2458 668 2519 άπὸ
684 2463 721 2518 Μ.
737 2495 770 2503 -
791 2469 807 2518 9
826 2457 949 2532 άριότων
968 2480 1019 2536 pro
1033 2459 1147 2537 όάστωτ
1162 2463 1200 2520 tl.
1215 2495 1250 2506 -
1270 2471 1304 2520 13
1323 2459 1388 2520 itt·

228 2539 332 2600 δεικτος
349 2555 379 2592 τε
400 2536 590 2608 ruperscripco
609 2555 642 2591 ον
660 2535 699 2589 M.
720 2567 750 2575 —

228 2719 304 2786 dnm
334 2718 487 2798 facultas,
514 2741 612 2804 quam
640 2739 773 2804 vocare,
800 2721 963 2806 utcunque
992 2717 1108 2805 cuique
1138 2717 1287 2804 libuerit,
1315 2741 1388 2804 per-

229 2827 405 2912 mittimus,
436 2849 478 2893 ne
505 2826 601 2894 nobis
629 2849 712 2911 opus
740 2827 940 2894 subsicivum
967 2827 1041 2912 ipso
1069 2847 1166 2912 opere
1189 2827 1296 2892 maius
1320 2827 1390 2893 liat.

229 2933 362 3001 Utimur
384 2934 470 3000 enim
489 2933 677 3000 nominibus
697 2939 730 3000 et
753 2935 886 3001 omnino
906 2939 1019 3000 mutuo
1038 2934 1125 3000 inter
1141 2955 1203 3001 nos
1227 2957 1389 3004 sermone.

228 3046 266 3107 ut
289 3041 490 3108 declaremus
518 3064 614 3107 sensa
637 3041 753 3126 animi,
785 3065 867 3128 qnae
896 3065 913 3108 e
943 3047 1079 3108 naturae
1107 3063 1215 3107 rerum
1243 3049 1389 3107 contem·

229 3148 373 3234 platione
396 3149 613 3234 concepimus.
659 3147 729 3225 Qua
760 3173 793 3215 re
821 3152 945 3216 omissa
972 3150 1012 3215 de
1034 3148 1225 3216 nominibus
1256 3170 1388 3214 concer-

229 3259 302 3322 tare
324 3255 498 3340 ridicplum
521 3263 580 3322 est.
626 3255 796 3334 Quomodo
825 3263 935 3324 autern
964 3259 1012 3324 ait
1035 3257 1254 3344 Hippocrates
1277 3278 1388 3322 rerum

228 3369 381 3432 naturam
408 3364 572 3432 inveniri?
623 3361 658 3430 Si
691 3389 711 3430 a
738 3365 889 3432 maximis
920 3371 953 3431 et
979 3365 1142 3432 facillimis
1170 3363 1390 3446 exordiamur,

229 3473 380 3540 maximis
404 3495 475 3558 usu,
497 3471 665 3538 facillimis
690 3495 748 3558 pro
772 3479 886 3540 nostra
905 3475 1102 3560 cognitione.
1138 3471 1268 3538 Natura
1289 3473 1388 3538 nimi·

229 3601 302 3646 rum
324 3580 386 3648 hoc
409 3585 582 3666 utrumque
605 3581 702 3647 nobis
726 3581 828 3664 dedit,
851 3583 925 3666 ipsa
948 3582 1069 3648 iudicia
1091 3585 1126 3647 ct
1147 3579 1259 3660 fidem,
1286 3603 1386 3667 quum

229 3687 282 3754 his
306 3689 375 3756 sine
399 3688 468 3754 ulle
487 3687 660 3774 disciplina
680 3687 881 3754 adhibemus.
923 3688 1048 3754 Iudicia
1072 3689 1144 3775 ipsa
1167 3694 1245 3754 sunt
1267 3689 1387 3754 instru-

230 3800 340 3862 menta
355 3819 508 3862 sensuum
528 3819 674 3884 quaeque
698 3797 924 3862 instrumentis
940 3801 1076 3862 utuntur
1094 3796 1282 3882 lacnltntcs3
1306 3795 1385 3862 fides

229 3903 300 3970 sinc
330 3904 397 3969 ulla
424 3904 574 3972 doctriua
601 3910 721 3970 natura
749 3905 827 3970 duce
860 3926 926 3971 non
958 3904 1062 3970 solum
1092 3903 1296 3988 hominibus,
1328 3903 1383 3970 sed

230 4011 305 4078 aliis
329 4011 429 4078 etiam
449 4013 645 4078 animalibus
669 4013 764 4078 inest
801 4013 888 4078 Nam
906 4033 979 4078 cunr
1003 4013 1209 4078 accedentem
1233 4011 1382 4078 viderunt
1449 4047 1450 4058 .

229 4123 287 4186 aut
309 4121 483 4206 strepitum
503 4143 656 4187 vocemve
676 4121 878 4204 audiverunt,
902 4122 929 4184 si
950 4119 1056 4186 maior
1073 4125 1125 4186 cst
1147 4118 1263 4204 bestia,
1286 4143 1382 4208 quam
1447 4169 1448 4191 .

229 4231 476 4314 conspexerunt,
500 4227 670 4295 confestim
701 4229 888 4314 anlugiunt,
917 4227 966 4292 sin
996 4227 1153 4294 minorem
1182 4231 1215 4293 et
1239 4229 1381 4294 imbecil·
1445 4233 1447 4323 J

228 4333 344 4400 liorem
368 4335 544 4402 adventare
568 4341 749 4419 senserunt,
773 4337 845 4402 loco
869 4339 1010 4402 mallent.
1057 4335 1178 4414 Quodsi
1203 4335 1277 4422 quis
1300 4335 1380 4400 disti·
1444 4389 1445 4393 ,
