<?xml version="1.0" encoding="UTF-8"?>
<!DOCTYPE html PUBLIC "-//W3C//DTD XHTML 1.0 Transitional//EN"
    "http://www.w3.org/TR/xhtml1/DTD/xhtml1-transitional.dtd">
<html xmlns="http://www.w3.org/1999/xhtml" xml:lang="en" lang="en">
 <head>
  <title>
</title>
<meta http-equiv="Content-Type" content="text/html;charset=utf-8" />
  <meta name='ocr-system' content='tesseract 3.04.00' />
  <meta name='ocr-capabilities' content='ocr_page ocr_carea ocr_par ocr_line ocrx_word'/>
</head>
<body>
  <div class='ocr_page' id='page_1' title='image "./claudiigalenide01mlgoog_0231.png"; bbox 0 0 3048 5036; ppageno 0'>
   <div class='ocr_carea' id='block_1_1' title="bbox 634 319 880 386">
    <p class='ocr_par' dir='ltr' id='par_1_1' title="bbox 634 319 880 386">
     <span class='ocr_line' id='line_1_1' title="bbox 634 319 880 386; baseline -0.012 1"><span class='ocrx_word' id='word_1_1' title='bbox 634 319 880 386; x_wconf 73' lang='lat'><strong>-198-</strong></span> 
     </span>
    </p>
   </div>
   <div class='ocr_carea' id='block_1_2' title="bbox 110 583 1344 2190">
    <p class='ocr_par' dir='ltr' id='par_1_2' title="bbox 110 583 1344 2190">
     <span class='ocr_line' id='line_1_2' title="bbox 173 583 1344 681; baseline -0.003 -21"><span class='ocrx_word' id='word_1_2' title='bbox 173 591 337 681; x_wconf 79' lang='grc' dir='ltr'><strong><em>ἡντινοῦν</em></strong></span> <span class='ocrx_word' id='word_1_3' title='bbox 369 587 476 659; x_wconf 79' lang='grc' dir='ltr'><strong><em>αὐτοῦ</em></strong></span> <span class='ocrx_word' id='word_1_4' title='bbox 511 595 644 658; x_wconf 78' lang='grc' dir='ltr'><strong><em>κοιλίαν</em></strong></span> <span class='ocrx_word' id='word_1_5' title='bbox 677 587 738 658; x_wconf 85' lang='grc' dir='ltr'><strong><em>οῦκ</em></strong></span> <span class='ocrx_word' id='word_1_6' title='bbox 775 587 919 676; x_wconf 83' lang='grc' dir='ltr'><strong><em>ἀφωνον</em></strong></span> <span class='ocrx_word' id='word_1_7' title='bbox 949 585 1059 676; x_wconf 90' lang='grc' dir='ltr'><strong><em>μόνου</em></strong></span> <span class='ocrx_word' id='word_1_8' title='bbox 1089 583 1172 658; x_wconf 76' lang='grc' dir='ltr'><strong><em>οῦδὲ</em></strong></span> <span class='ocrx_word' id='word_1_9' title='bbox 1204 586 1344 656; x_wconf 75' lang='grc' dir='ltr'><strong><em>ἀαιυυν</em></strong></span> 
     </span>
     <span class='ocr_line' id='line_1_3' title="bbox 174 692 1343 785; baseline -0.004 -17"><span class='ocrx_word' id='word_1_10' title='bbox 174 697 295 785; x_wconf 64' lang='lat' dir='ltr'>cribris,</span> <span class='ocrx_word' id='word_1_11' title='bbox 328 695 413 768; x_wconf 85' lang='grc' dir='ltr'><strong><em>ἀλλά</em></strong></span> <span class='ocrx_word' id='word_1_12' title='bbox 440 698 496 766; x_wconf 82' lang='grc' dir='ltr'><strong><em>καὶ</em></strong></span> <span class='ocrx_word' id='word_1_13' title='bbox 530 695 744 768; x_wconf 77' lang='grc' dir='ltr'><strong><em>παντάπασιν</em></strong></span> <span class='ocrx_word' id='word_1_14' title='bbox 775 695 988 784; x_wconf 84' lang='grc' dir='ltr'><strong><em>ἀναίσθητόν</em></strong></span> <span class='ocrx_word' id='word_1_15' title='bbox 1018 721 1053 764; x_wconf 90' lang='grc' dir='ltr'><strong><em>τε</em></strong></span> <span class='ocrx_word' id='word_1_16' title='bbox 1085 697 1141 764; x_wconf 83' lang='grc' dir='ltr'><strong><em>καλ</em></strong></span> <span class='ocrx_word' id='word_1_17' title='bbox 1174 692 1343 782; x_wconf 86' lang='grc' dir='ltr'><strong><em>ἀκίνητον</em></strong></span> 
     </span>
     <span class='ocr_line' id='line_1_4' title="bbox 174 801 1341 894; baseline -0.003 -19"><span class='ocrx_word' id='word_1_18' title='bbox 174 803 316 876; x_wconf 76' lang='grc' dir='ltr'><strong><em>ἀπασῶν</em></strong></span> <span class='ocrx_word' id='word_1_19' title='bbox 337 809 407 874; x_wconf 79' lang='grc' dir='ltr'><strong><em>τῶν</em></strong></span> <span class='ocrx_word' id='word_1_20' title='bbox 428 801 509 874; x_wconf 86' lang='grc' dir='ltr'><strong><em>καθ’</em></strong></span> <span class='ocrx_word' id='word_1_21' title='bbox 536 803 649 894; x_wconf 75' lang='grc' dir='ltr'><strong><em>ὁρμὴν</em></strong></span> <span class='ocrx_word' id='word_1_22' title='bbox 671 803 840 894; x_wconf 73' lang='grc' dir='ltr'><strong><em>κινήσεων</em></strong></span> <span class='ocrx_word' id='word_1_23' title='bbox 861 801 986 892; x_wconf 85' lang='grc' dir='ltr'><strong><em>ἐργάση</em></strong></span> <span class='ocrx_word' id='word_1_24' title='bbox 1008 803 1047 871; x_wconf 87' lang='grc' dir='ltr'><strong><em>τὸ</em></strong></span> <span class='ocrx_word' id='word_1_25' title='bbox 1073 807 1168 894; x_wconf 78' lang='grc' dir='ltr'><strong><em>ζῷον.</em></strong></span> <span class='ocrx_word' id='word_1_26' title='bbox 1209 813 1341 890; x_wconf 86' lang='grc' dir='ltr'><strong><em>είρηται</em></strong></span> 
     </span>
     <span class='ocr_line' id='line_1_5' title="bbox 148 910 1343 1003; baseline 0.003 -27"><span class='ocrx_word' id='word_1_27' title='bbox 148 914 217 982; x_wconf 69' lang='lat' dir='ltr'><strong><em>sce</em></strong></span> <span class='ocrx_word' id='word_1_28' title='bbox 241 939 298 1003; x_wconf 82' lang='grc' dir='ltr'><strong><em>μοι</em></strong></span> <span class='ocrx_word' id='word_1_29' title='bbox 325 914 381 982; x_wconf 81' lang='grc' dir='ltr'><strong><em>καὶ</em></strong></span> <span class='ocrx_word' id='word_1_30' title='bbox 409 912 578 1002; x_wconf 76' lang='grc' dir='ltr'><strong><em>πρόσθεν,</em></strong></span> <span class='ocrx_word' id='word_1_31' title='bbox 606 911 653 995; x_wconf 83' lang='grc' dir='ltr'><strong><em>τός</em></strong></span> <span class='ocrx_word' id='word_1_32' title='bbox 682 911 725 982; x_wconf 88' lang='grc' dir='ltr'><strong><em>οῦ</em></strong></span> <span class='ocrx_word' id='word_1_33' title='bbox 752 913 814 1001; x_wconf 76' lang='grc' dir='ltr'><strong><em>χρὴ</em></strong></span> <span class='ocrx_word' id='word_1_34' title='bbox 842 910 1062 998; x_wconf 87' lang='grc' dir='ltr'><strong><em>συντιτράναι</em></strong></span> <span class='ocrx_word' id='word_1_35' title='bbox 1089 914 1152 979; x_wconf 92' lang='grc' dir='ltr'><strong><em>τοῦ</em></strong></span> <span class='ocrx_word' id='word_1_36' title='bbox 1179 911 1343 996; x_wconf 76' lang='grc' dir='ltr'><strong><em>θώρακος</em></strong></span> 
     </span>
     <span class='ocr_line' id='line_1_6' title="bbox 176 1017 1341 1110; baseline -0.006 -18"><span class='ocrx_word' id='word_1_37' title='bbox 176 1018 359 1110; x_wconf 72' lang='grc' dir='ltr'><strong><em>οὐδετέραν</em></strong></span> <span class='ocrx_word' id='word_1_38' title='bbox 390 1020 567 1108; x_wconf 77' lang='grc' dir='ltr'><strong><em>κοιλότητα</em></strong></span> <span class='ocrx_word' id='word_1_39' title='bbox 601 1026 813 1110; x_wconf 79' lang='grc' dir='ltr'><strong><em>γυμνοῦντας</em></strong></span> <span class='ocrx_word' id='word_1_40' title='bbox 843 1019 907 1106; x_wconf 78' lang='grc' dir='ltr'><strong><em>τὴν</em></strong></span> <span class='ocrx_word' id='word_1_41' title='bbox 939 1022 1093 1104; x_wconf 75' lang='grc' dir='ltr'><strong><em>καρδίαν.</em></strong></span> <span class='ocrx_word' id='word_1_42' title='bbox 1142 1023 1174 1086; x_wconf 91' lang='grc' dir='ltr'><strong><em>εί</em></strong></span> <span class='ocrx_word' id='word_1_43' title='bbox 1199 1017 1264 1106; x_wconf 79' lang='grc' dir='ltr'><strong><em>γὰρ</em></strong></span> <span class='ocrx_word' id='word_1_44' title='bbox 1292 1017 1341 1106; x_wconf 74' lang='grc' dir='ltr'><strong><em>δὴ</em></strong></span> 
     </span>
     <span class='ocr_line' id='line_1_7' title="bbox 174 1122 1342 1218; baseline -0.004 -19"><span class='ocrx_word' id='word_1_45' title='bbox 174 1129 300 1199; x_wconf 84' lang='grc' dir='ltr'><strong><em>τούτου</em></strong></span> <span class='ocrx_word' id='word_1_46' title='bbox 321 1129 417 1218; x_wconf 81' lang='grc' dir='ltr'><strong><em>τύχοι</em></strong></span> <span class='ocrx_word' id='word_1_47' title='bbox 441 1155 506 1214; x_wconf 88' lang='grc' dir='ltr'><strong><em>τις,</em></strong></span> <span class='ocrx_word' id='word_1_48' title='bbox 531 1126 573 1198; x_wconf 90' lang='grc' dir='ltr'><strong><em>ον’</em></strong></span> <span class='ocrx_word' id='word_1_49' title='bbox 595 1128 705 1216; x_wconf 91' lang='grc' dir='ltr'><strong><em>μόνον</em></strong></span> <span class='ocrx_word' id='word_1_50' title='bbox 729 1126 789 1196; x_wconf 82' lang='grc' dir='ltr'><strong><em>ἐὰν</em></strong></span> <span class='ocrx_word' id='word_1_51' title='bbox 812 1133 947 1214; x_wconf 77' lang='grc' dir='ltr'><strong><em>θλίβειν</em></strong></span> <span class='ocrx_word' id='word_1_52' title='bbox 969 1122 990 1214; x_wconf 78' lang='grc' dir='ltr'>ἢ</span> <span class='ocrx_word' id='word_1_53' title='bbox 1013 1131 1105 1196; x_wconf 88' lang='grc' dir='ltr'><strong><em>θλάν</em></strong></span> <span class='ocrx_word' id='word_1_54' title='bbox 1128 1125 1148 1214; x_wconf 79' lang='grc' dir='ltr'><em>ἥ</em></span> <span class='ocrx_word' id='word_1_55' title='bbox 1171 1153 1202 1194; x_wconf 91' lang='grc' dir='ltr'><strong><em>τι</em></strong></span> <span class='ocrx_word' id='word_1_56' title='bbox 1225 1129 1342 1196; x_wconf 87' lang='grc' dir='ltr'><strong><em>τοιοῦ-</em></strong></span> 
     </span>
     <span class='ocr_line' id='line_1_8' title="bbox 175 1230 1342 1324; baseline -0.003 -18"><span class='ocrx_word' id='word_1_57' title='bbox 175 1263 239 1306; x_wconf 92' lang='grc' dir='ltr'><strong><em>τον</em></strong></span> <span class='ocrx_word' id='word_1_58' title='bbox 259 1238 377 1324; x_wconf 78' lang='grc' dir='ltr'><strong><em>ἕτερον</em></strong></span> <span class='ocrx_word' id='word_1_59' title='bbox 398 1236 595 1324; x_wconf 80' lang='grc' dir='ltr'><strong><em>ἐργάζεσθαι</em></strong></span> <span class='ocrx_word' id='word_1_60' title='bbox 620 1239 791 1324; x_wconf 65' lang='grc' dir='ltr'><strong><em>βουληθῇ,</em></strong></span> <span class='ocrx_word' id='word_1_61' title='bbox 816 1233 995 1322; x_wconf 77' lang='grc' dir='ltr'><strong><em>δυνήσεται</em></strong></span> <span class='ocrx_word' id='word_1_62' title='bbox 1018 1237 1229 1322; x_wconf 86' lang='grc' dir='ltr'><strong><em>κατορθοῦν,</em></strong></span> <span class='ocrx_word' id='word_1_63' title='bbox 1252 1230 1342 1302; x_wconf 80' lang='grc' dir='ltr'><strong><em>ἀλλὰ</em></strong></span> 
     </span>
     <span class='ocr_line' id='line_1_9' title="bbox 175 1339 1342 1432; baseline -0.003 -18"><span class='ocrx_word' id='word_1_64' title='bbox 175 1346 231 1414; x_wconf 82' lang='grc' dir='ltr'><strong><em>καὶ</em></strong></span> <span class='ocrx_word' id='word_1_65' title='bbox 258 1345 443 1432; x_wconf 77' lang='grc' dir='ltr'><strong><em>βουληθείς</em></strong></span> <span class='ocrx_word' id='word_1_66' title='bbox 470 1341 608 1432; x_wconf 84' lang='grc' dir='ltr'><strong><em>ἀθρόως</em></strong></span> <span class='ocrx_word' id='word_1_67' title='bbox 641 1341 725 1430; x_wconf 82' lang='grc' dir='ltr'><strong><em>ὅλην</em></strong></span> <span class='ocrx_word' id='word_1_68' title='bbox 756 1344 879 1424; x_wconf 79' lang='grc' dir='ltr'><strong><em>ἐξελεῖν</em></strong></span> <span class='ocrx_word' id='word_1_69' title='bbox 906 1339 971 1413; x_wconf 84' lang='grc' dir='ltr'><strong><em>οὐκ</em></strong></span> <span class='ocrx_word' id='word_1_70' title='bbox 1001 1339 1159 1430; x_wconf 75' lang='grc' dir='ltr'><strong><em>ἀτυχήσει</em></strong></span> <span class='ocrx_word' id='word_1_71' title='bbox 1187 1345 1247 1428; x_wconf 77' lang='grc' dir='ltr'><strong><em>τῆς</em></strong></span> <span class='ocrx_word' id='word_1_72' title='bbox 1271 1367 1342 1429; x_wconf 76' lang='grc' dir='ltr'><strong><em>γει-</em></strong></span> 
     </span>
     <span class='ocr_line' id='line_1_10' title="bbox 136 1443 1343 1542; baseline 0.002 -27"><span class='ocrx_word' id='word_1_73' title='bbox 136 1477 163 1516; x_wconf 87' lang='grc' dir='ltr'><strong><em>ιο</em></strong></span> <span class='ocrx_word' id='word_1_74' title='bbox 176 1457 347 1542; x_wconf 87' lang='grc' dir='ltr'><strong><em>ρονργίας.</em></strong></span> <span class='ocrx_word' id='word_1_75' title='bbox 396 1459 523 1539; x_wconf 86' lang='grc' dir='ltr'><strong><em>γίνεται</em></strong></span> <span class='ocrx_word' id='word_1_76' title='bbox 550 1451 614 1540; x_wconf 75' lang='grc' dir='ltr'><strong><em>μὲν</em></strong></span> <span class='ocrx_word' id='word_1_77' title='bbox 641 1443 706 1518; x_wconf 88' lang='grc' dir='ltr'><strong><em>οῦν</em></strong></span> <span class='ocrx_word' id='word_1_78' title='bbox 733 1453 833 1519; x_wconf 89' lang='grc' dir='ltr'><strong><em>τοῦτο</em></strong></span> <span class='ocrx_word' id='word_1_79' title='bbox 865 1452 922 1519; x_wconf 85' lang='grc' dir='ltr'><strong><em>καλ</em></strong></span> <span class='ocrx_word' id='word_1_80' title='bbox 949 1449 1033 1518; x_wconf 87' lang='grc' dir='ltr'><strong><em>κατά</em></strong></span> <span class='ocrx_word' id='word_1_81' title='bbox 1060 1448 1186 1531; x_wconf 76' lang='grc' dir='ltr'><strong><em>πολλὰς</em></strong></span> <span class='ocrx_word' id='word_1_82' title='bbox 1213 1455 1343 1528; x_wconf 78' lang='grc' dir='ltr'><strong><em>θυσίας</em></strong></span> 
     </span>
     <span class='ocr_line' id='line_1_11' title="bbox 176 1557 1343 1650; baseline -0.003 -20"><span class='ocrx_word' id='word_1_83' title='bbox 176 1563 211 1643; x_wconf 82' lang='grc' dir='ltr'><strong><em>ἐξ</em></strong></span> <span class='ocrx_word' id='word_1_84' title='bbox 233 1565 337 1640; x_wconf 81' lang='grc' dir='ltr'><strong><em>ἔθους</em></strong></span> <span class='ocrx_word' id='word_1_85' title='bbox 360 1559 467 1640; x_wconf 79' lang='grc' dir='ltr'><strong><em>οὕτως</em></strong></span> <span class='ocrx_word' id='word_1_86' title='bbox 490 1561 747 1645; x_wconf 74' lang='grc' dir='ltr'><strong><em>ἐπιτελουμένας</em></strong></span> <span class='ocrx_word' id='word_1_87' title='bbox 769 1558 824 1626; x_wconf 85' lang='grc' dir='ltr'><strong><em>καλ</em></strong></span> <span class='ocrx_word' id='word_1_88' title='bbox 844 1565 1000 1644; x_wconf 82' lang='grc' dir='ltr'><strong><em>φαίνεται</em></strong></span> <span class='ocrx_word' id='word_1_89' title='bbox 1022 1557 1064 1627; x_wconf 83' lang='grc' dir='ltr'><strong><em>τὰ</em></strong></span> <span class='ocrx_word' id='word_1_90' title='bbox 1088 1563 1154 1650; x_wconf 75' lang='grc' dir='ltr'><strong><em>ζῷα</em></strong></span> <span class='ocrx_word' id='word_1_91' title='bbox 1177 1562 1237 1646; x_wconf 78' lang='grc' dir='ltr'><strong><em>τῆς</em></strong></span> <span class='ocrx_word' id='word_1_92' title='bbox 1258 1585 1343 1646; x_wconf 88' lang='grc' dir='ltr'><strong><em>καρ-</em></strong></span> 
     </span>
     <span class='ocr_line' id='line_1_12' title="bbox 177 1663 1343 1756; baseline -0.003 -19"><span class='ocrx_word' id='word_1_93' title='bbox 177 1672 254 1748; x_wconf 88' lang='grc' dir='ltr'><strong><em>δίας</em></strong></span> <span class='ocrx_word' id='word_1_94' title='bbox 271 1666 336 1756; x_wconf 77' lang='grc' dir='ltr'><strong><em>ἤδη</em></strong></span> <span class='ocrx_word' id='word_1_95' title='bbox 356 1666 439 1736; x_wconf 80' lang='grc' dir='ltr'><strong><em>κατὰ</em></strong></span> <span class='ocrx_word' id='word_1_96' title='bbox 457 1671 527 1737; x_wconf 78' lang='grc' dir='ltr'><strong><em>των</em></strong></span> <span class='ocrx_word' id='word_1_97' title='bbox 550 1672 675 1756; x_wconf 82' lang='grc' dir='ltr'><strong><em>βωμῶν</em></strong></span> <span class='ocrx_word' id='word_1_98' title='bbox 694 1667 901 1754; x_wconf 76' lang='grc' dir='ltr'><strong><em>ἐπικειμένης</em></strong></span> <span class='ocrx_word' id='word_1_99' title='bbox 919 1663 981 1734; x_wconf 89' lang='grc' dir='ltr'><strong><em>οῦκ</em></strong></span> <span class='ocrx_word' id='word_1_100' title='bbox 999 1663 1211 1735; x_wconf 76' lang='grc' dir='ltr'><strong><em>ἀνωτνέουτα</em></strong></span> <span class='ocrx_word' id='word_1_101' title='bbox 1228 1666 1343 1755; x_wconf 86' lang='grc' dir='ltr'><strong><em>μόνον</em></strong></span> 
     </span>
     <span class='ocr_line' id='line_1_13' title="bbox 176 1770 1343 1864; baseline -0.002 -20"><span class='ocrx_word' id='word_1_102' title='bbox 176 1771 197 1864; x_wconf 81' lang='grc' dir='ltr'>ἢ</span> <span class='ocrx_word' id='word_1_103' title='bbox 224 1776 410 1862; x_wconf 77' lang='grc' dir='ltr'><strong><em>κεκραγότα</em></strong></span> <span class='ocrx_word' id='word_1_104' title='bbox 438 1775 626 1855; x_wconf 83' lang='grc' dir='ltr'><strong><em>συντόνως,</em></strong></span> <span class='ocrx_word' id='word_1_105' title='bbox 659 1771 744 1842; x_wconf 80' lang='grc' dir='ltr'><strong><em>ἀλλὰ</em></strong></span> <span class='ocrx_word' id='word_1_106' title='bbox 777 1774 832 1842; x_wconf 79' lang='grc' dir='ltr'><strong><em>καὶ</em></strong></span> <span class='ocrx_word' id='word_1_107' title='bbox 860 1774 1050 1860; x_wconf 82' lang='grc' dir='ltr'><strong><em>φεύγοντα,</em></strong></span> <span class='ocrx_word' id='word_1_108' title='bbox 1080 1777 1177 1863; x_wconf 81' lang='grc' dir='ltr'><strong><em>μέχρι</em></strong></span> <span class='ocrx_word' id='word_1_109' title='bbox 1204 1799 1266 1862; x_wconf 83' lang='grc' dir='ltr'><strong><em>τερ</em></strong></span> <span class='ocrx_word' id='word_1_110' title='bbox 1294 1770 1343 1843; x_wconf 82' lang='grc' dir='ltr'><strong><em>ἀν</em></strong></span> 
     </span>
     <span class='ocr_line' id='line_1_14' title="bbox 178 1871 1344 1972; baseline -0.003 -19"><span class='ocrx_word' id='word_1_111' title='bbox 178 1881 243 1954; x_wconf 74' lang='grc' dir='ltr'><strong><em>ὑπὸ</em></strong></span> <span class='ocrx_word' id='word_1_112' title='bbox 265 1887 326 1972; x_wconf 81' lang='grc' dir='ltr'><strong><em>τῆς</em></strong></span> <span class='ocrx_word' id='word_1_113' title='bbox 348 1887 570 1972; x_wconf 87' lang='grc' dir='ltr'><strong><em>αίμορραγίας</em></strong></span> <span class='ocrx_word' id='word_1_114' title='bbox 592 1879 762 1970; x_wconf 80' lang='grc' dir='ltr'><strong><em>ἀποθάνῃ.</em></strong></span> <span class='ocrx_word' id='word_1_115' title='bbox 806 1881 943 1968; x_wconf 79' lang='grc' dir='ltr'><strong><em>τάχιστα</em></strong></span> <span class='ocrx_word' id='word_1_116' title='bbox 967 1871 1004 1950; x_wconf 75' lang='grc' dir='ltr'><strong><em>δὲ</em></strong></span> <span class='ocrx_word' id='word_1_117' title='bbox 1028 1881 1204 1970; x_wconf 74' lang='grc' dir='ltr'><strong><em>δήπουθεν</em></strong></span> <span class='ocrx_word' id='word_1_118' title='bbox 1227 1878 1344 1950; x_wconf 78' lang='grc' dir='ltr'><strong><em>αὐτῶν</em></strong></span> 
     </span>
     <span class='ocr_line' id='line_1_15' title="bbox 137 1984 1344 2078; baseline -0.004 -17"><span class='ocrx_word' id='word_1_119' title='bbox 137 2013 164 2054; x_wconf 71' lang='lat'><strong><em>1⁵</em></strong></span> <span class='ocrx_word' id='word_1_120' title='bbox 179 1993 372 2061; x_wconf 74' lang='grc' dir='ltr'><strong><em>ἐκκενοῦται</em></strong></span> <span class='ocrx_word' id='word_1_121' title='bbox 391 1990 429 2060; x_wconf 90' lang='grc' dir='ltr'><strong><em>τὸ</em></strong></span> <span class='ocrx_word' id='word_1_122' title='bbox 449 1984 532 2077; x_wconf 84' lang='grc' dir='ltr'><strong><em>αἷμα</em></strong></span> <span class='ocrx_word' id='word_1_123' title='bbox 549 1987 718 2076; x_wconf 83' lang='grc' dir='ltr'><strong><em>τεττάρων</em></strong></span> <span class='ocrx_word' id='word_1_124' title='bbox 735 1995 903 2076; x_wconf 78' lang='grc' dir='ltr'><strong><em>μεγίστων</em></strong></span> <span class='ocrx_word' id='word_1_125' title='bbox 921 1987 1068 2077; x_wconf 79' lang='grc' dir='ltr'><strong><em>ἀγγείων</em></strong></span> <span class='ocrx_word' id='word_1_126' title='bbox 1085 1991 1344 2078; x_wconf 83' lang='grc' dir='ltr'><strong><em>όιαστιωμέυων,</em></strong></span> 
     </span>
     <span class='ocr_line' id='line_1_16' title="bbox 110 2092 1344 2190; baseline -0.002 -22"><span class='ocrx_word' id='word_1_127' title='bbox 110 2096 263 2176; x_wconf 67' lang='lat' dir='ltr'>motet&amp;</span> <span class='ocrx_word' id='word_1_128' title='bbox 286 2097 363 2187; x_wconf 77' lang='grc' dir='ltr'><strong><em>ἄχρι</em></strong></span> <span class='ocrx_word' id='word_1_129' title='bbox 382 2124 443 2188; x_wconf 83' lang='grc' dir='ltr'><strong><em>περ</em></strong></span> <span class='ocrx_word' id='word_1_130' title='bbox 466 2092 510 2167; x_wconf 85' lang='grc' dir='ltr'><strong><em>ἀν</em></strong></span> <span class='ocrx_word' id='word_1_131' title='bbox 529 2103 576 2166; x_wconf 86' lang='grc' dir='ltr'><strong><em>έτι</em></strong></span> <span class='ocrx_word' id='word_1_132' title='bbox 592 2101 644 2190; x_wconf 66' lang='grc' dir='ltr'><strong><em>ζῇ,</em></strong></span> <span class='ocrx_word' id='word_1_133' title='bbox 674 2097 678 2186; x_wconf 71' lang='lat' dir='ltr'>l</span> <span class='ocrx_word' id='word_1_134' title='bbox 708 2097 764 2164; x_wconf 82' lang='grc' dir='ltr'><strong><em>καί</em></strong></span> <span class='ocrx_word' id='word_1_135' title='bbox 783 2093 928 2166; x_wconf 81' lang='grc' dir='ltr'><strong><em>ἀναπνεῖ</em></strong></span> <span class='ocrx_word' id='word_1_136' title='bbox 948 2099 1003 2166; x_wconf 83' lang='grc' dir='ltr'>καί</span> <span class='ocrx_word' id='word_1_137' title='bbox 1022 2113 1133 2186; x_wconf 81' lang='grc' dir='ltr'><strong><em>φωνεῖ</em></strong></span> <span class='ocrx_word' id='word_1_138' title='bbox 1149 2099 1204 2166; x_wconf 82' lang='grc' dir='ltr'><strong><em>καὶ</em></strong></span> <span class='ocrx_word' id='word_1_139' title='bbox 1224 2099 1344 2186; x_wconf 83' lang='grc' dir='ltr'><strong><em>τρέχει.</em></strong></span> 
     </span>
    </p>
   </div>
   <div class='ocr_carea' id='block_1_3' title="bbox 177 2317 1344 2596">
    <p class='ocr_par' dir='ltr' id='par_1_3' title="bbox 177 2317 1344 2596">
     <span class='ocr_line' id='line_1_17' title="bbox 215 2317 1342 2397; baseline -0.003 -15"><span class='ocrx_word' id='word_1_140' title='bbox 215 2333 230 2382; x_wconf 74' lang='lat'><strong>2</strong></span> <span class='ocrx_word' id='word_1_141' title='bbox 251 2322 389 2397; x_wconf 77' lang='grc' dir='ltr'><strong><em>ἡντινοῦν</em></strong></span> <span class='ocrx_word' id='word_1_142' title='bbox 407 2323 522 2380; x_wconf 76' lang='lat' dir='ltr'>cusu</span> <span class='ocrx_word' id='word_1_143' title='bbox 545 2317 702 2392; x_wconf 82' lang='grc' dir='ltr'><strong><em>ἡντιναοῦν</em></strong></span> <span class='ocrx_word' id='word_1_144' title='bbox 721 2321 806 2388; x_wconf 75' lang='lat' dir='ltr'>Chli3</span> <span class='ocrx_word' id='word_1_145' title='bbox 831 2322 865 2376; x_wconf 89' lang='lat' dir='ltr'><strong><em>cf.</em></strong></span> <span class='ocrx_word' id='word_1_146' title='bbox 891 2341 917 2393; x_wconf 87' lang='lat' dir='ltr'><strong><em>p.</em></strong></span> <span class='ocrx_word' id='word_1_147' title='bbox 940 2329 990 2378; x_wconf 80' lang='lat'><strong><em>182</em></strong></span> <span class='ocrx_word' id='word_1_148' title='bbox 1009 2326 1079 2380; x_wconf 84' lang='lat' dir='ltr'>extr.</span> <span class='ocrx_word' id='word_1_149' title='bbox 1098 2324 1132 2379; x_wconf 83' lang='lat' dir='ltr'><strong><em>K.</em></strong></span> <span class='ocrx_word' id='word_1_150' title='bbox 1152 2355 1185 2365; x_wconf 92' lang='lat'><em>-</em></span> <span class='ocrx_word' id='word_1_151' title='bbox 1211 2331 1227 2378; x_wconf 85' lang='lat'><strong>5</strong></span> <span class='ocrx_word' id='word_1_152' title='bbox 1246 2317 1284 2386; x_wconf 80' lang='grc' dir='ltr'><strong><em>τός</em></strong></span> <span class='ocrx_word' id='word_1_153' title='bbox 1303 2318 1342 2379; x_wconf 76' lang='grc' dir='ltr'><strong><em>οῦ</em></strong></span> 
     </span>
     <span class='ocr_line' id='line_1_18' title="bbox 177 2390 1343 2470; baseline -0.015 -2"><span class='ocrx_word' id='word_1_154' title='bbox 177 2395 231 2470; x_wconf 74' lang='grc' dir='ltr'><strong><em>1οἦ</em></strong></span> <span class='ocrx_word' id='word_1_155' title='bbox 252 2415 306 2455; x_wconf 85' lang='lat' dir='ltr'><strong><em>om.</em></strong></span> <span class='ocrx_word' id='word_1_156' title='bbox 327 2395 357 2454; x_wconf 87' lang='lat' dir='ltr'><strong><em>C.</em></strong></span> <span class='ocrx_word' id='word_1_157' title='bbox 381 2429 415 2438; x_wconf 95' lang='lat'><em>-</em></span> <span class='ocrx_word' id='word_1_158' title='bbox 443 2390 549 2464; x_wconf 76' lang='grc' dir='ltr'><strong><em>ἰ’τόγη</em></strong></span> <span class='ocrx_word' id='word_1_159' title='bbox 568 2393 619 2450; x_wconf 76' lang='lat' dir='ltr'><strong><em>CA</em></strong></span> <span class='ocrx_word' id='word_1_160' title='bbox 642 2390 713 2464; x_wconf 79' lang='grc' dir='ltr'><strong><em>τῦγη</em></strong></span> <span class='ocrx_word' id='word_1_161' title='bbox 733 2393 833 2448; x_wconf 72' lang='lat' dir='ltr'>BClrlr&#39;</span> <span class='ocrx_word' id='word_1_162' title='bbox 858 2390 937 2464; x_wconf 73' lang='grc' dir='ltr'><strong><em>τόχοι</em></strong></span> <span class='ocrx_word' id='word_1_163' title='bbox 957 2395 999 2455; x_wconf 83' lang='lat' dir='ltr'><strong><em>li:</em></strong></span> <span class='ocrx_word' id='word_1_164' title='bbox 1024 2397 1059 2450; x_wconf 82' lang='lat' dir='ltr'><strong><em>ci.</em></strong></span> <span class='ocrx_word' id='word_1_165' title='bbox 1078 2396 1164 2451; x_wconf 88' lang='lat' dir='ltr'>Proll.</span> <span class='ocrx_word' id='word_1_166' title='bbox 1188 2414 1237 2466; x_wconf 83' lang='lat' dir='ltr'><strong><em>pp.</em></strong></span> <span class='ocrx_word' id='word_1_167' title='bbox 1257 2403 1289 2450; x_wconf 70' lang='lat' dir='ltr'><strong><em>‘ll</em></strong></span> <span class='ocrx_word' id='word_1_168' title='bbox 1312 2401 1343 2450; x_wconf 86' lang='lat' dir='ltr'><strong><em>et</em></strong></span> 
     </span>
     <span class='ocr_line' id='line_1_19' title="bbox 178 2461 1344 2596; baseline -0.003 -69"><span class='ocrx_word' id='word_1_169' title='bbox 178 2477 223 2528; x_wconf 78' lang='grc'><strong><em>80.</em></strong></span> <span class='ocrx_word' id='word_1_170' title='bbox 242 2501 276 2512; x_wconf 96' lang='grc'>-</span> <span class='ocrx_word' id='word_1_171' title='bbox 300 2463 318 2540; x_wconf 78' lang='grc' dir='ltr'><em>ἢ</em></span> <span class='ocrx_word' id='word_1_172' title='bbox 338 2471 452 2596; x_wconf 58' lang='lat' dir='ltr'>&amp;ligem</span> <span class='ocrx_word' id='word_1_173' title='bbox 471 2465 492 2522; x_wconf 85' lang='lat' dir='ltr'>C</span> <span class='ocrx_word' id='word_1_174' title='bbox 513 2465 541 2522; x_wconf 87' lang='grc' dir='ltr'><strong><em>εί</em></strong></span> <span class='ocrx_word' id='word_1_175' title='bbox 557 2469 587 2520; x_wconf 83' lang='grc' dir='ltr'><strong><em>θ.</em></strong></span> <span class='ocrx_word' id='word_1_176' title='bbox 607 2465 667 2522; x_wconf 75' lang='lat' dir='ltr'><strong><em>MA</em></strong></span> <span class='ocrx_word' id='word_1_177' title='bbox 686 2469 766 2534; x_wconf 75' lang='lat' dir='ltr'>cett,</span> <span class='ocrx_word' id='word_1_178' title='bbox 786 2461 840 2521; x_wconf 76' lang='grc' dir='ltr'><strong><em>ἐὰν</em></strong></span> <span class='ocrx_word' id='word_1_179' title='bbox 858 2469 888 2522; x_wconf 83' lang='grc' dir='ltr'><strong><em>θ.</em></strong></span> <span class='ocrx_word' id='word_1_180' title='bbox 910 2484 967 2522; x_wconf 86' lang='lat' dir='ltr'>uos.</span> <span class='ocrx_word' id='word_1_181' title='bbox 988 2499 1020 2508; x_wconf 87' lang='lat'><strong><em>—-</em></strong></span> <span class='ocrx_word' id='word_1_182' title='bbox 1046 2469 1118 2539; x_wconf 83' lang='grc' dir='ltr'><strong><em>βοῦν</em></strong></span> <span class='ocrx_word' id='word_1_183' title='bbox 1137 2468 1166 2524; x_wconf 77' lang='lat' dir='ltr'>M</span> <span class='ocrx_word' id='word_1_184' title='bbox 1189 2468 1234 2534; x_wconf 60' lang='lat' dir='ltr'>[cf.</span> <span class='ocrx_word' id='word_1_185' title='bbox 1254 2467 1344 2524; x_wconf 85' lang='lat' dir='ltr'>Proll.</span> 
     </span>
    </p>
   </div>
   <div class='ocr_carea' id='block_1_4' title="bbox 178 2533 1347 2828">
    <p class='ocr_par' dir='ltr' id='par_1_4' title="bbox 178 2533 1347 2828">
     <span class='ocr_line' id='line_1_20' title="bbox 178 2533 1343 2614; baseline -0.003 -16"><span class='ocrx_word' id='word_1_186' title='bbox 178 2562 206 2614; x_wconf 86' lang='lat' dir='ltr'><strong><em>p.</em></strong></span> <span class='ocrx_word' id='word_1_187' title='bbox 227 2548 271 2612; x_wconf 79' lang='grc'><strong><em>83)</em></strong></span> <span class='ocrx_word' id='word_1_188' title='bbox 290 2542 368 2596; x_wconf 71' lang='lat' dir='ltr'>&amp;teir</span> <span class='ocrx_word' id='word_1_189' title='bbox 413 2542 446 2596; x_wconf 78' lang='lat' dir='ltr'><strong><em>A.</em></strong></span> <span class='ocrx_word' id='word_1_190' title='bbox 466 2570 500 2580; x_wconf 91' lang='lat'><em>—</em></span> <span class='ocrx_word' id='word_1_191' title='bbox 524 2540 689 2610; x_wconf 80' lang='grc' dir='ltr'><strong><em>8βουληθῂ</em></strong></span> <span class='ocrx_word' id='word_1_192' title='bbox 709 2553 764 2592; x_wconf 91' lang='lat' dir='ltr'><strong><em>om.</em></strong></span> <span class='ocrx_word' id='word_1_193' title='bbox 784 2537 814 2593; x_wconf 86' lang='lat' dir='ltr'><strong><em>C.</em></strong></span> <span class='ocrx_word' id='word_1_194' title='bbox 833 2569 867 2602; x_wconf 86' lang='grc'><strong><em>,-</em></strong></span> <span class='ocrx_word' id='word_1_195' title='bbox 892 2539 1104 2606; x_wconf 80' lang='grc' dir='ltr'><strong><em>κατορθοῦνται</em></strong></span> <span class='ocrx_word' id='word_1_196' title='bbox 1124 2541 1162 2596; x_wconf 82' lang='lat' dir='ltr'><strong><em>lL</em></strong></span> <span class='ocrx_word' id='word_1_197' title='bbox 1182 2570 1216 2580; x_wconf 93' lang='lat'>-</span> <span class='ocrx_word' id='word_1_198' title='bbox 1239 2533 1343 2594; x_wconf 73' lang='grc' dir='ltr'><strong><em>θάτυ-</em></strong></span> 
     </span>
     <span class='ocr_line' id='line_1_21' title="bbox 179 2601 1343 2696; baseline -0.004 -25"><span class='ocrx_word' id='word_1_199' title='bbox 179 2609 275 2686; x_wconf 70' lang='grc' dir='ltr'><strong><em>χήσεις</em></strong></span> <span class='ocrx_word' id='word_1_200' title='bbox 294 2611 324 2668; x_wconf 81' lang='lat' dir='ltr'><strong><em>G.</em></strong></span> <span class='ocrx_word' id='word_1_201' title='bbox 345 2645 378 2654; x_wconf 91' lang='lat'>-</span> <span class='ocrx_word' id='word_1_202' title='bbox 400 2619 433 2667; x_wconf 91' lang='lat'><strong><em>10</em></strong></span> <span class='ocrx_word' id='word_1_203' title='bbox 452 2609 505 2696; x_wconf 75' lang='grc' dir='ltr'><strong><em>μέν</em></strong></span> <span class='ocrx_word' id='word_1_204' title='bbox 524 2601 577 2666; x_wconf 87' lang='grc' dir='ltr'><strong><em>οῦν</em></strong></span> <span class='ocrx_word' id='word_1_205' title='bbox 596 2611 680 2666; x_wconf 79' lang='grc' dir='ltr'><strong><em>καλΟ</em></strong></span> <span class='ocrx_word' id='word_1_206' title='bbox 702 2609 755 2680; x_wconf 73' lang='grc' dir='ltr'><strong><em>μὲν</em></strong></span> <span class='ocrx_word' id='word_1_207' title='bbox 773 2611 858 2664; x_wconf 90' lang='grc' dir='ltr'><strong><em>τοῦτο</em></strong></span> <span class='ocrx_word' id='word_1_208' title='bbox 877 2611 926 2664; x_wconf 81' lang='grc' dir='ltr'><strong><em>καὶ</em></strong></span> <span class='ocrx_word' id='word_1_209' title='bbox 946 2611 1120 2667; x_wconf 75' lang='lat' dir='ltr'>ussschu&#39;.</span> <span class='ocrx_word' id='word_1_210' title='bbox 1143 2643 1175 2652; x_wconf 94' lang='lat'>-</span> <span class='ocrx_word' id='word_1_211' title='bbox 1199 2619 1229 2666; x_wconf 66' lang='grc' dir='ltr'><strong><em>Γ]</em></strong></span> <span class='ocrx_word' id='word_1_212' title='bbox 1249 2607 1343 2682; x_wconf 80' lang='grc' dir='ltr'><strong><em>μόνον</em></strong></span> 
     </span>
     <span class='ocr_line' id='line_1_22' title="bbox 180 2678 1347 2753; baseline -0.003 -11"><span class='ocrx_word' id='word_1_213' title='bbox 180 2703 233 2742; x_wconf 88' lang='lat' dir='ltr'><strong><em>om.</em></strong></span> <span class='ocrx_word' id='word_1_214' title='bbox 247 2685 277 2742; x_wconf 86' lang='lat' dir='ltr'><strong><em>C.</em></strong></span> <span class='ocrx_word' id='word_1_215' title='bbox 297 2717 330 2726; x_wconf 82' lang='lat'><em>-</em></span> <span class='ocrx_word' id='word_1_216' title='bbox 353 2679 463 2740; x_wconf 78' lang='grc' dir='ltr'><strong><em>1λάαο</em></strong></span> <span class='ocrx_word' id='word_1_217' title='bbox 482 2681 578 2752; x_wconf 74' lang='grc' dir='ltr'><strong><em>τηςΟ.</em></strong></span> <span class='ocrx_word' id='word_1_218' title='bbox 599 2713 631 2722; x_wconf 92' lang='lat'>-</span> <span class='ocrx_word' id='word_1_219' title='bbox 654 2690 687 2738; x_wconf 77' lang='lat'><strong><em>16</em></strong></span> <span class='ocrx_word' id='word_1_220' title='bbox 706 2681 756 2736; x_wconf 81' lang='grc' dir='ltr'><strong><em>καλ</em></strong></span> <span class='ocrx_word' id='word_1_221' title='bbox 774 2678 903 2738; x_wconf 77' lang='grc' dir='ltr'><strong><em>ἀναπνεῖ</em></strong></span> <span class='ocrx_word' id='word_1_222' title='bbox 918 2700 971 2738; x_wconf 84' lang='grc' dir='ltr'><strong><em>οω.</em></strong></span> <span class='ocrx_word' id='word_1_223' title='bbox 991 2684 1012 2738; x_wconf 90' lang='lat' dir='ltr'>C</span> <span class='ocrx_word' id='word_1_224' title='bbox 1032 2679 1148 2753; x_wconf 81' lang='grc' dir='ltr'><strong><em>ἀναπνή</em></strong></span> <span class='ocrx_word' id='word_1_225' title='bbox 1168 2684 1197 2738; x_wconf 76' lang='lat' dir='ltr'>M</span> <span class='ocrx_word' id='word_1_226' title='bbox 1216 2679 1347 2738; x_wconf 73' lang='grc' dir='ltr'><strong><em>ἀναπνεῖ</em></strong></span> 
     </span>
     <span class='ocr_line' id='line_1_23' title="bbox 179 2753 645 2828; baseline -0.011 -13"><span class='ocrx_word' id='word_1_227' title='bbox 179 2763 213 2815; x_wconf 63' lang='grc' dir='ltr'>ὰ</span> <span class='ocrx_word' id='word_1_228' title='bbox 232 2789 266 2800; x_wconf 96' lang='grc'>-</span> <span class='ocrx_word' id='word_1_229' title='bbox 286 2757 368 2828; x_wconf 71' lang='grc' dir='ltr'><strong><em>φωνῇ</em></strong></span> <span class='ocrx_word' id='word_1_230' title='bbox 389 2755 439 2812; x_wconf 80' lang='grc' dir='ltr'><strong><em>καλ</em></strong></span> <span class='ocrx_word' id='word_1_231' title='bbox 457 2754 542 2825; x_wconf 75' lang='grc' dir='ltr'><strong><em>τρέχη</em></strong></span> <span class='ocrx_word' id='word_1_232' title='bbox 562 2753 592 2810; x_wconf 86' lang='lat' dir='ltr'><strong><em>C.</em></strong></span> <span class='ocrx_word' id='word_1_233' title='bbox 612 2785 645 2796; x_wconf 89' lang='lat'><em>-</em></span> 
     </span>
    </p>
   </div>
   <div class='ocr_carea' id='block_1_5' title="bbox 180 2965 1349 4466">
    <p class='ocr_par' dir='ltr' id='par_1_5' title="bbox 180 2965 1349 4466">
     <span class='ocr_line' id='line_1_24' title="bbox 180 2965 1343 3054; baseline -0.002 -18"><span class='ocrx_word' id='word_1_234' title='bbox 180 2969 258 3054; x_wconf 79' lang='lat' dir='ltr'>diri3</span> <span class='ocrx_word' id='word_1_235' title='bbox 288 2969 317 3034; x_wconf 89' lang='lat' dir='ltr'><strong><em>si</em></strong></span> <span class='ocrx_word' id='word_1_236' title='bbox 348 2987 427 3032; x_wconf 79' lang='lat' dir='ltr'>vero</span> <span class='ocrx_word' id='word_1_237' title='bbox 457 2965 627 3031; x_wconf 85' lang='lat' dir='ltr'>cerebrum</span> <span class='ocrx_word' id='word_1_238' title='bbox 655 2965 811 3032; x_wconf 81' lang='lat' dir='ltr'>detractis</span> <span class='ocrx_word' id='word_1_239' title='bbox 846 2968 975 3033; x_wconf 89' lang='lat' dir='ltr'>ossibus</span> <span class='ocrx_word' id='word_1_240' title='bbox 1004 2968 1171 3053; x_wconf 80' lang='lat' dir='ltr'>aperueris</span> <span class='ocrx_word' id='word_1_241' title='bbox 1203 2967 1254 3034; x_wconf 86' lang='lat' dir='ltr'><strong><em>rel</em></strong></span> <span class='ocrx_word' id='word_1_242' title='bbox 1282 2967 1343 3034; x_wconf 83' lang='lat' dir='ltr'>sli-</span> 
     </span>
     <span class='ocr_line' id='line_1_25' title="bbox 181 3073 1343 3166; baseline -0.001 -23"><span class='ocrx_word' id='word_1_243' title='bbox 181 3099 278 3166; x_wconf 91' lang='lat' dir='ltr'>quem</span> <span class='ocrx_word' id='word_1_244' title='bbox 301 3073 518 3142; x_wconf 81' lang='lat' dir='ltr'>ventriculum</span> <span class='ocrx_word' id='word_1_245' title='bbox 542 3075 610 3140; x_wconf 91' lang='lat' dir='ltr'>eius</span> <span class='ocrx_word' id='word_1_246' title='bbox 634 3075 880 3160; x_wconf 78' lang='lat' dir='ltr'>compresseris,</span> <span class='ocrx_word' id='word_1_247' title='bbox 909 3077 1021 3141; x_wconf 79' lang='lat' dir='ltr'>statim</span> <span class='ocrx_word' id='word_1_248' title='bbox 1046 3076 1183 3160; x_wconf 82' lang='lat' dir='ltr'>efficies,</span> <span class='ocrx_word' id='word_1_249' title='bbox 1212 3081 1249 3142; x_wconf 90' lang='lat' dir='ltr'>ut</span> <span class='ocrx_word' id='word_1_250' title='bbox 1272 3077 1343 3142; x_wconf 87' lang='lat' dir='ltr'>uni-</span> 
     </span>
     <span class='ocr_line' id='line_1_26' title="bbox 180 3167 1343 3268; baseline -0.002 -16"><span class='ocrx_word' id='word_1_251' title='bbox 180 3187 248 3252; x_wconf 83' lang='lat' dir='ltr'><strong><em>mcl</em></strong></span> <span class='ocrx_word' id='word_1_252' title='bbox 270 3167 338 3251; x_wconf 87' lang='lat' dir='ltr'><strong><em>non</em></strong></span> <span class='ocrx_word' id='word_1_253' title='bbox 360 3181 457 3249; x_wconf 87' lang='lat' dir='ltr'>modo</span> <span class='ocrx_word' id='word_1_254' title='bbox 485 3189 612 3248; x_wconf 91' lang='lat' dir='ltr'>mutum</span> <span class='ocrx_word' id='word_1_255' title='bbox 642 3183 897 3268; x_wconf 82' lang='lat' dir='ltr'>spirationisque</span> <span class='ocrx_word' id='word_1_256' title='bbox 920 3205 1035 3268; x_wconf 81' lang='lat' dir='ltr'>expers</span> <span class='ocrx_word' id='word_1_257' title='bbox 1059 3185 1131 3266; x_wconf 83' lang='lat' dir='ltr'>fist,</span> <span class='ocrx_word' id='word_1_258' title='bbox 1161 3184 1217 3250; x_wconf 86' lang='lat' dir='ltr'><strong><em>sed</em></strong></span> <span class='ocrx_word' id='word_1_259' title='bbox 1241 3185 1343 3250; x_wconf 78' lang='lat' dir='ltr'>etiam</span> 
     </span>
     <span class='ocr_line' id='line_1_27' title="bbox 182 3289 1343 3379; baseline -0.003 -18"><span class='ocrx_word' id='word_1_260' title='bbox 182 3293 336 3361; x_wconf 88' lang='lat' dir='ltr'>omnibus</span> <span class='ocrx_word' id='word_1_261' title='bbox 355 3313 492 3376; x_wconf 89' lang='lat' dir='ltr'>prorsus</span> <span class='ocrx_word' id='word_1_262' title='bbox 511 3289 661 3356; x_wconf 83' lang='lat' dir='ltr'>sensibus</span> <span class='ocrx_word' id='word_1_263' title='bbox 681 3291 947 3378; x_wconf 67' lang='lat' dir='ltr'>motionibusque</span> <span class='ocrx_word' id='word_1_264' title='bbox 966 3291 1162 3358; x_wconf 81' lang='lat' dir='ltr'>voluntariis</span> <span class='ocrx_word' id='word_1_265' title='bbox 1185 3292 1343 3379; x_wconf 79' lang='lat' dir='ltr'>privetur.</span> 
     </span>
     <span class='ocr_line' id='line_1_28' title="bbox 182 3399 1342 3484; baseline 0 -16"><span class='ocrx_word' id='word_1_266' title='bbox 182 3399 372 3468; x_wconf 78' lang='lat' dir='ltr'>Cavendum</span> <span class='ocrx_word' id='word_1_267' title='bbox 390 3403 512 3484; x_wconf 83' lang='lat' dir='ltr'>tamen,</span> <span class='ocrx_word' id='word_1_268' title='bbox 535 3399 706 3484; x_wconf 84' lang='lat' dir='ltr'>quodiam</span> <span class='ocrx_word' id='word_1_269' title='bbox 727 3419 827 3482; x_wconf 81' lang='lat' dir='ltr'>supra</span> <span class='ocrx_word' id='word_1_270' title='bbox 846 3400 967 3480; x_wconf 89' lang='lat' dir='ltr'>monui,</span> <span class='ocrx_word' id='word_1_271' title='bbox 990 3421 1041 3482; x_wconf 88' lang='lat' dir='ltr'>ne,</span> <span class='ocrx_word' id='word_1_272' title='bbox 1064 3399 1141 3466; x_wconf 90' lang='lat' dir='ltr'><strong><em>dum</em></strong></span> <span class='ocrx_word' id='word_1_273' title='bbox 1161 3423 1218 3467; x_wconf 90' lang='lat' dir='ltr'><strong><em>cor</em></strong></span> <span class='ocrx_word' id='word_1_274' title='bbox 1240 3399 1342 3468; x_wconf 72' lang='lat' dir='ltr'>undr-</span> 
     </span>
     <span class='ocr_line' id='line_1_29' title="bbox 180 3506 1343 3596; baseline -0.001 -19"><span class='ocrx_word' id='word_1_275' title='bbox 180 3533 270 3596; x_wconf 89' lang='lat' dir='ltr'>mus,</span> <span class='ocrx_word' id='word_1_276' title='bbox 303 3509 443 3576; x_wconf 77' lang='lat' dir='ltr'>alterum</span> <span class='ocrx_word' id='word_1_277' title='bbox 471 3529 510 3572; x_wconf 84' lang='lat' dir='ltr'>ex</span> <span class='ocrx_word' id='word_1_278' title='bbox 542 3507 688 3572; x_wconf 78' lang='lat' dir='ltr'>thoracis</span> <span class='ocrx_word' id='word_1_279' title='bbox 716 3506 806 3570; x_wconf 72' lang='lat' dir='ltr'>ensis</span> <span class='ocrx_word' id='word_1_280' title='bbox 834 3507 1052 3594; x_wconf 79' lang='lat' dir='ltr'>perforemus3</span> <span class='ocrx_word' id='word_1_281' title='bbox 1084 3507 1172 3594; x_wconf 86' lang='lat' dir='ltr'>qood</span> <span class='ocrx_word' id='word_1_282' title='bbox 1202 3509 1232 3575; x_wconf 89' lang='lat' dir='ltr'><strong><em>si</em></strong></span> <span class='ocrx_word' id='word_1_283' title='bbox 1259 3510 1343 3576; x_wconf 80' lang='lat' dir='ltr'>sctis</span> 
     </span>
     <span class='ocr_line' id='line_1_30' title="bbox 182 3615 1345 3707; baseline -0.003 -21"><span class='ocrx_word' id='word_1_284' title='bbox 182 3617 401 3707; x_wconf 77' lang='lat' dir='ltr'>praecaveris,</span> <span class='ocrx_word' id='word_1_285' title='bbox 434 3639 500 3682; x_wconf 90' lang='lat' dir='ltr'><strong><em>non</em></strong></span> <span class='ocrx_word' id='word_1_286' title='bbox 528 3619 658 3680; x_wconf 79' lang='lat' dir='ltr'>tuntum</span> <span class='ocrx_word' id='word_1_287' title='bbox 691 3615 907 3698; x_wconf 81' lang='lat' dir='ltr'>comprimere</span> <span class='ocrx_word' id='word_1_288' title='bbox 939 3639 996 3681; x_wconf 91' lang='lat' dir='ltr'><strong><em>cor</em></strong></span> <span class='ocrx_word' id='word_1_289' title='bbox 1028 3617 1079 3682; x_wconf 87' lang='lat' dir='ltr'><strong><em>rel</em></strong></span> <span class='ocrx_word' id='word_1_290' title='bbox 1109 3615 1263 3682; x_wconf 85' lang='lat' dir='ltr'>collidere</span> <span class='ocrx_word' id='word_1_291' title='bbox 1291 3617 1345 3684; x_wconf 84' lang='lat' dir='ltr'><strong><em>rel</em></strong></span> 
     </span>
     <span class='ocr_line' id='line_1_31' title="bbox 182 3722 1346 3812; baseline -0.002 -19"><span class='ocrx_word' id='word_1_292' title='bbox 182 3727 251 3793; x_wconf 75' lang='lat' dir='ltr'>tole</span> <span class='ocrx_word' id='word_1_293' title='bbox 273 3726 351 3812; x_wconf 89' lang='lat' dir='ltr'>quid</span> <span class='ocrx_word' id='word_1_294' title='bbox 378 3726 486 3791; x_wconf 82' lang='lat' dir='ltr'>facere</span> <span class='ocrx_word' id='word_1_295' title='bbox 515 3723 579 3789; x_wconf 86' lang='lat' dir='ltr'>tibi</span> <span class='ocrx_word' id='word_1_296' title='bbox 606 3745 680 3788; x_wconf 87' lang='lat' dir='ltr'><strong><em>cum</em></strong></span> <span class='ocrx_word' id='word_1_297' title='bbox 711 3743 863 3787; x_wconf 88' lang='lat' dir='ltr'>successu</span> <span class='ocrx_word' id='word_1_298' title='bbox 886 3722 1016 3806; x_wconf 76' lang='lat' dir='ltr'>licebit,</span> <span class='ocrx_word' id='word_1_299' title='bbox 1043 3746 1158 3790; x_wconf 84' lang='lat' dir='ltr'>rerum</span> <span class='ocrx_word' id='word_1_300' title='bbox 1186 3725 1286 3790; x_wconf 79' lang='lat' dir='ltr'>etism</span> <span class='ocrx_word' id='word_1_301' title='bbox 1315 3726 1346 3792; x_wconf 87' lang='lat' dir='ltr'><strong><em>si</em></strong></span> 
     </span>
     <span class='ocr_line' id='line_1_32' title="bbox 182 3831 1346 3922; baseline -0.001 -20"><span class='ocrx_word' id='word_1_302' title='bbox 182 3837 291 3902; x_wconf 86' lang='lat' dir='ltr'>totum</span> <span class='ocrx_word' id='word_1_303' title='bbox 324 3833 475 3899; x_wconf 76' lang='lat' dir='ltr'>evulsum</span> <span class='ocrx_word' id='word_1_304' title='bbox 503 3831 674 3897; x_wconf 79' lang='lat' dir='ltr'>extrahere</span> <span class='ocrx_word' id='word_1_305' title='bbox 707 3831 863 3914; x_wconf 73' lang='lat' dir='ltr'>volueris,</span> <span class='ocrx_word' id='word_1_306' title='bbox 895 3854 959 3896; x_wconf 89' lang='lat' dir='ltr'><strong><em>non</em></strong></span> <span class='ocrx_word' id='word_1_307' title='bbox 998 3831 1125 3898; x_wconf 88' lang='lat' dir='ltr'>minore</span> <span class='ocrx_word' id='word_1_308' title='bbox 1157 3831 1346 3922; x_wconf 66' lang='lat' dir='ltr'>chirmgisc</span> 
     </span>
     <span class='ocr_line' id='line_1_33' title="bbox 182 3939 1346 4029; baseline 0.002 -21"><span class='ocrx_word' id='word_1_309' title='bbox 182 3963 335 4008; x_wconf 87' lang='lat' dir='ltr'>successu</span> <span class='ocrx_word' id='word_1_310' title='bbox 359 3940 577 4026; x_wconf 87' lang='lat' dir='ltr'>consequeris.</span> <span class='ocrx_word' id='word_1_311' title='bbox 621 3939 678 4005; x_wconf 82' lang='lat' dir='ltr'>Fit</span> <span class='ocrx_word' id='word_1_312' title='bbox 701 3961 829 4025; x_wconf 90' lang='lat' dir='ltr'>quoque</span> <span class='ocrx_word' id='word_1_313' title='bbox 852 3940 887 4006; x_wconf 87' lang='lat' dir='ltr'><strong><em>in</em></strong></span> <span class='ocrx_word' id='word_1_314' title='bbox 910 3939 1023 4005; x_wconf 87' lang='lat' dir='ltr'>multis</span> <span class='ocrx_word' id='word_1_315' title='bbox 1047 3941 1232 4021; x_wconf 80' lang='lat' dir='ltr'>sacrificiis,</span> <span class='ocrx_word' id='word_1_316' title='bbox 1260 3965 1346 4029; x_wconf 72' lang='lat' dir='ltr'>quse</span> 
     </span>
     <span class='ocr_line' id='line_1_34' title="bbox 183 4047 1346 4135; baseline -0.001 -18"><span class='ocrx_word' id='word_1_317' title='bbox 183 4049 223 4116; x_wconf 89' lang='lat' dir='ltr'><strong><em>dc</em></strong></span> <span class='ocrx_word' id='word_1_318' title='bbox 246 4071 337 4117; x_wconf 87' lang='lat' dir='ltr'>more</span> <span class='ocrx_word' id='word_1_319' title='bbox 359 4049 474 4135; x_wconf 80' lang='lat' dir='ltr'>peragi</span> <span class='ocrx_word' id='word_1_320' title='bbox 499 4049 616 4132; x_wconf 85' lang='lat' dir='ltr'>solent,</span> <span class='ocrx_word' id='word_1_321' title='bbox 644 4049 682 4112; x_wconf 85' lang='lat' dir='ltr'>ut</span> <span class='ocrx_word' id='word_1_322' title='bbox 705 4047 859 4113; x_wconf 73' lang='lat' dir='ltr'>victimae</span> <span class='ocrx_word' id='word_1_323' title='bbox 884 4047 979 4114; x_wconf 90' lang='lat' dir='ltr'>corde</span> <span class='ocrx_word' id='word_1_324' title='bbox 1003 4047 1071 4114; x_wconf 80' lang='lat' dir='ltr'>sris</span> <span class='ocrx_word' id='word_1_325' title='bbox 1095 4049 1162 4114; x_wconf 82' lang='lat' dir='ltr'><strong><em>ism</em></strong></span> <span class='ocrx_word' id='word_1_326' title='bbox 1185 4047 1346 4135; x_wconf 86' lang='lat' dir='ltr'>imposito</span> 
     </span>
     <span class='ocr_line' id='line_1_35' title="bbox 181 4155 1346 4242; baseline 0.001 -18"><span class='ocrx_word' id='word_1_327' title='bbox 181 4179 250 4224; x_wconf 86' lang='lat' dir='ltr'><strong><em>non</em></strong></span> <span class='ocrx_word' id='word_1_328' title='bbox 277 4156 385 4224; x_wconf 87' lang='lat' dir='ltr'>solum</span> <span class='ocrx_word' id='word_1_329' title='bbox 412 4156 575 4242; x_wconf 85' lang='lat' dir='ltr'>respirent</span> <span class='ocrx_word' id='word_1_330' title='bbox 607 4160 664 4222; x_wconf 82' lang='lat' dir='ltr'>aut</span> <span class='ocrx_word' id='word_1_331' title='bbox 692 4177 813 4242; x_wconf 80' lang='lat' dir='ltr'>magne</span> <span class='ocrx_word' id='word_1_332' title='bbox 849 4177 930 4222; x_wconf 79' lang='lat' dir='ltr'>voce</span> <span class='ocrx_word' id='word_1_333' title='bbox 962 4155 1120 4240; x_wconf 79' lang='lat' dir='ltr'>clament,</span> <span class='ocrx_word' id='word_1_334' title='bbox 1152 4157 1209 4222; x_wconf 85' lang='lat' dir='ltr'><strong><em>sed</em></strong></span> <span class='ocrx_word' id='word_1_335' title='bbox 1242 4157 1346 4226; x_wconf 84' lang='lat' dir='ltr'>etiam</span> 
     </span>
     <span class='ocr_line' id='line_1_36' title="bbox 182 4263 1346 4352; baseline 0.003 -22"><span class='ocrx_word' id='word_1_336' title='bbox 182 4263 323 4352; x_wconf 78' lang='lat' dir='ltr'>lugiunt,</span> <span class='ocrx_word' id='word_1_337' title='bbox 347 4263 449 4332; x_wconf 86' lang='lat' dir='ltr'>donec</span> <span class='ocrx_word' id='word_1_338' title='bbox 469 4263 639 4352; x_wconf 81' lang='lat' dir='ltr'>sanguinis</span> <span class='ocrx_word' id='word_1_339' title='bbox 659 4265 820 4350; x_wconf 81' lang='lat' dir='ltr'>protlurio</span> <span class='ocrx_word' id='word_1_340' title='bbox 841 4263 1025 4331; x_wconf 78' lang='lat' dir='ltr'>concidunt</span> <span class='ocrx_word' id='word_1_341' title='bbox 1060 4263 1228 4332; x_wconf 80' lang='lat' dir='ltr'>Nimirum</span> <span class='ocrx_word' id='word_1_342' title='bbox 1246 4287 1346 4352; x_wconf 75' lang='lat' dir='ltr'>quom</span> 
     </span>
     <span class='ocr_line' id='line_1_37' title="bbox 184 4371 1349 4466; baseline 0.003 -28"><span class='ocrx_word' id='word_1_343' title='bbox 184 4371 352 4438; x_wconf 87' lang='lat' dir='ltr'>celerrime</span> <span class='ocrx_word' id='word_1_344' title='bbox 376 4373 511 4459; x_wconf 82' lang='lat' dir='ltr'>sanguis</span> <span class='ocrx_word' id='word_1_345' title='bbox 535 4373 735 4456; x_wconf 83' lang='lat' dir='ltr'>exinanitur,</span> <span class='ocrx_word' id='word_1_346' title='bbox 762 4373 917 4459; x_wconf 83' lang='lat' dir='ltr'>quoniam</span> <span class='ocrx_word' id='word_1_347' title='bbox 935 4377 1077 4466; x_wconf 79' lang='lat' dir='ltr'>quatuor</span> <span class='ocrx_word' id='word_1_348' title='bbox 1100 4393 1179 4440; x_wconf 78' lang='lat' dir='ltr'>ruso</span> <span class='ocrx_word' id='word_1_349' title='bbox 1202 4373 1349 4442; x_wconf 70' lang='lat' dir='ltr'>maxims</span> 
     </span>
    </p>
   </div>
   <div class='ocr_carea' id='block_1_6' title="bbox 0 0 1539 5036">
    <p class='ocr_par' dir='ltr' id='par_1_6' title="bbox 0 0 1539 5036">
     <span class='ocr_line' id='line_1_38' title="bbox 0 0 1539 5036; baseline 0 0"><span class='ocrx_word' id='word_1_350' title='bbox 0 0 1539 5036; x_wconf 95' lang='lat' dir='ltr'><strong><em> </em></strong></span> 
     </span>
    </p>
   </div>
  </div>
 </body>
</html>
