2976 5028
699 317 945 383 -314—

240 485 396 546 νοεῖσθαι
427 477 484 544 καὶ
515 475 555 543 ἐν
591 475 724 555 ἐαυιοις
751 477 862 562 λέγειν
897 477 953 545 καὶ
990 473 1114 563 φωνὴν
1146 479 1302 559 διεξιέναι
1336 481 1387 546 καί

239 582 334 666 ἐκτὸς
356 584 554 670 ἐιστε’μπειν.’
599 581 877 672 ὁμολογούμενον
900 583 965 670 γάρ
987 611 1019 654 ιι
1042 583 1243 672 λαμβάνων,
1269 585 1313 668 ώς
1332 589 1390 656 τοῦ

239 689 347 762 αὐτοῦ
372 698 496 781 μορίου
522 689 560 760 τὸ
589 693 700 778 λέγειν
731 701 782 780 eiu
815 693 869 761 καί
897 693 935 761 τὸ
964 694 1002 760 ἐν
1031 693 1137 784 ἐαυτῷ
1165 696 1294 780 λέγειν,
1322 692 1390 764 εἶτα

212 797 511 888 ικροσλαμβάνιν
538 795 621 867 αιἰτδ
649 804 709 888 τῆς
734 806 875 888 καρδίας
901 806 1004 888 ἔργον
1030 797 1179 870 εἶναιτὸ
1207 803 1328 888 λέγειν,
1359 804 1390 884 ἐξ

172 905 370 996 πιοιὶμφοῐν
402 913 468 997 ἔχει
494 907 743 995 περαινόμενον
772 910 810 978 ἐν
841 913 881 998 τῇ
911 914 1034 1000 καρδίᾳ
1063 911 1069 996 Ι
1097 915 1253 996 γίνεσθαι
1287 909 1323 978 τὸ
1356 911 1391 978 ἐν

239 1016 346 1108 ἑαυτῷ
374 1017 493 1102 λέγειν.
538 1013 622 1084 ἀλλὰ
650 1013 745 1103 ἡμεῖς
770 1044 808 1104 γε
839 1015 923 1086 κατὰ
951 1015 989 1086 τὸ
1017 1015 1082 1104 πρὸ
1110 1015 1235 1085 τούτου
1263 1017 1391 1105 γράμμα

238 1123 300 1194 τὸν
323 1121 388 1193 ὑπὸ
411 1127 474 1193 τοῦ
497 1123 658 1212 Ζήνωνος
680 1125 895 1212 ἐρωτηθέντα
922 1123 1028 1212 λόγου
1052 1121 1134 1212 ὑπὲρ
1157 1127 1220 1193 τοῦ
1242 1123 1306 1212 τὴν
1324 1152 1391 1212 φω-

239 1229 305 1322 νὴν
336 1228 402 1302 ἀπὸ
430 1236 489 1318 τῆς
519 1236 660 1318 καρδίας
691 1233 916 1320 ἐκπέμπεσθαι
956 1231 1134 1321 μοχθηρὸν
1173 1233 1392 1320 ἐπεδείξαμεν.

238 1338 401 1410 ὥστεκαὶ
425 1337 444 1408 δ
472 1342 538 1408 νῦν
561 1339 775 1428 ἐρωτώμενος
799 1337 863 1409 ὑπὸ
891 1349 954 1409 τοῦ
977 1347 1177 1428 Χρυσίππου
1205 1339 1306 1426 λόγος
1325 1339 1392 1428 ἅμα

199 1471 225 1510 ¹⁰
238 1449 355 1540 ἐκείνῳ
374 1447 613 1538 συνανῄρηται.
649 1449 906 1538 ἐπισκεψώμεθα
925 1441 989 1518 οὖν
1007 1447 1072 1536 ἤδη
1086 1445 1148 1518 τὸν
1162 1449 1238 1538 ἑξῆς
1254 1450 1392 1528 ὀἰκείως

239 1555 288 1626 εδὲ
316 1555 424 1648 τούτῳ
452 1558 507 1625 καὶ
535 1560 572 1624 oi
596 1559 776 1646 στεναγμοὶ
805 1559 967 1626 ἐντεῦθεν
992 1559 1188 1644 προΐενται.’
1234 1557 1288 1626 καί
1316 1557 1391 1637 τοὺς

239 1663 461 1753 στεναγμοὺς,
490 1655 517 1733 ei
541 1665 730 1752 Χρύσιππε,
759 1667 828 1750 [καὶ
851 1664 911 1747 τὰς
932 1665 1063 1752 φωνὰς]
1095 1667 1132 1734 ἐκ
1154 1669 1216 1734 τοῦ
1240 1664 1392 1752 θώρακος

238 1773 302 1861 μὲν
324 1771 479 1861 φήσομεν
508 1773 733 1861 ἐκπέμπεσθαι
756 1775 811 1842 καὶ
835 1777 897 1843 τοῦ
918 1773 1124 1862 πνεύμονος,
1153 1769 1195 1842 οὐ
1225 1771 1293 1860 μὴν
1314 1769 1390 1841 οὐδὲ

238 1883 275 1950 ἐκ
301 1885 360 1968 τῆς
386 1867 538 1970 καρδίας,
565 1878 677 1966 ὥσπερ
700 1879 780 1950 οὐδὲ
808 1880 867 1962 τὰς
892 1880 1021 1969 φωνάς.
1069 1876 1301 1950 ἀποδέδεικται
1329 1878 1391 1966 γὰρ

199 2009 224 2050 ¹⁵
240 1988 319 2080 ἡμῖν
343 1987 426 2075 ὑπὲρ
450 1987 591 2057 ἑκάστου
613 1987 743 2058 τούτων
767 1992 804 2058 ἐν
824 1991 948 2078 ἑτέροις
971 1986 1032 2076 οὐχ
1051 1985 1163 2070 ἁπλῶς
1186 1985 1266 2058 οὐδὲ
1284 1987 1391 2074 ὥσπερ

237 2094 302 2166 ὑπὸ
332 2101 396 2166 σοῦ
423 2100 489 2166 νῦν
521 2092 600 2165 οὐδὲ
629 2103 711 2184 μίαν
739 2095 912 2180 ἀπόδειξιν
945 2099 1163 2184 προσθέντος.
1214 2097 1331 2184 ἐφεξῆς
1358 2096 1391 2164 δὲ

275 2303 288 2350 t
310 2289 378 2351 ἐν
361 2302 475 2359 εαυτοῐς
498 2289 600 2378 φωνὴν
623 2295 762 2362 διεξιέναι
781 2295 860 2351 codd.
885 2295 948 2352 edd.
974 2289 1046 2351 ἐκ
1030 2315 1108 2382 spor.
1132 2293 1227 2364 λέγειν
1251 2295 1298 2350 καὶ
1316 2316 1350 2364 φ.
1368 2299 1392 2348 δ.

238 2383 297 2424 noe.
322 2397 356 2408 —
384 2363 657 2458 θαρσοίαμβιὲυον
666 2367 759 2422 M.-
794 2363 892 2423 ιιιίιιό
917 2369 967 2436 τῆς
990 2361 1059 2422 M·
1044 2363 1099 2423 υιτό
1124 2368 1175 2434 τῆς
1199 2367 1342 2452 nsschlm
1359 2368 1392 2422 et.

237 2438 322 2495 Proll.
342 2458 368 2510 p.
388 2445 485 2496 m-
506 2446 539 2496 12
559 2439 607 2494 καὶ
626 2435 678 2502 τὰς
696 2435 796 2526 φωνὰς
814 2441 893 2495 uncis
912 2440 1137 2496 inclusimus-
1160 2446 1193 2494 rt
1211 2433 1306 2508 ὥσπερ
1325 2409 1391 2495 itu

237 2509 289 2575 τὰς
307 2506 407 2596 φωνάς
430 2511 535 2566 delevit
554 2511 748 2568 Corn-15
767 2507 864 2574 ἅπλῶς
887 2509 939 2580 061
963 2505 1061 2598 ὥσπερ
1081 2507 1184 2568 οι’δὲ’
1170 2509 1227 2567 υαδ
1243 2505 1309 2566 M
1293 2533 1321 2566 α.
1343 2505 1392 2578 ⁰61

237 2601 337 2712 pigra
344 2602 437 2712 1prro
427 2579 518 2640 AB
503 2603 531 2638 α.
556 2577 621 2640 οὐδ’
647 2577 716 2640 ὅσα.
740 2577 798 2641 διεδ
818 2583 953 2642 chK-
975 2591 1007 2640 16
1026 2579 1095 2640 etot
1115 2585 1185 2656 μίαν
1203 2584 1233 2640 M
1256 2579 1394 2656 οδδεμιάτ

238 2857 345 2923 iutra
367 2880 436 2924 nos
460 2858 571 2944 ipsos
595 2857 704 2944 loqui
723 2861 760 2923 et
781 2881 911 2924 vocem
930 2857 1130 2945 explicare
1150 2861 1268 2944 atque
1286 2859 1393 2923 forus

238 2964 440 3032 emittere.'
493 2965 576 3034 Cum
609 2967 696 3032 enim
731 2966 761 3033 id
792 2990 851 3052 pro
885 2989 1040 3034 concesso
1072 2965 1220 3051 posuerit
1251 2965 1392 3032 eiusdem

237 3073 341 3160 pertis
366 3096 437 3140 esse
459 3075 551 3162 loqui
574 3079 700 3141 etcum
719 3076 815 3142 nobis
838 3077 920 3162 ipsis
943 3075 1045 3162 loqui,
1067 3073 1183 3140 deinde
1203 3073 1393 3140 assumserit

198 3203 200 3208 ’
237 3181 327 3268 loqui
351 3183 458 3250 cordis
481 3184 683 3250 functionem
712 3205 799 3268 esse,
832 3207 871 3250 ex
902 3183 955 3249 his
988 3183 1090 3248 efficit
1122 3181 1157 3247 in
1190 3181 1287 3249 corde
1315 3179 1392 3248 iilud

238 3311 349 3356 secum
376 3289 466 3378 loqui
491 3293 570 3358 tieri.
621 3289 691 3358 Nos
721 3298 842 3376 tamen,
870 3291 1027 3378 quonium
1054 3291 1090 3356 in
1113 3288 1282 3375 superiore
1310 3288 1392 3356 libro

239 3397 379 3466 Zenonis
411 3401 574 3468 tutionem
603 3401 643 3466 de
675 3423 728 3484 e0,
765 3401 851 3486 quod
886 3423 950 3465 uox
978 3399 1017 3465 de
1054 3397 1151 3464 eorde
1183 3397 1394 3480 emitteretur,

237 3507 475 3594 interrogatam
509 3509 663 3575 vitiosam
697 3531 766 3573 esse
799 3507 1016 3590 ostendimus,
1048 3505 1148 3572 etiam
1176 3505 1261 3572 hane
1290 3505 1391 3590 Chry·

237 3615 325 3701 sippi
354 3619 515 3684 rationem
542 3640 608 3684 unu
635 3639 709 3682 cum
740 3617 796 3682 illu
827 3617 991 3682 sublatum
1020 3615 1261 3697 existimamus3
1294 3637 1391 3702 quare

238 3745 286 3808 ea,
301 3747 383 3812 quae
399 3731 588 3812 sequuntur,
602 3725 831 3811 inspiciamus:
846 3725 963 3791 ‘Huic
979 3722 1260 3790 convenienter
1275 3723 1390 3790 etiam

166 3839 171 3846 '
237 3833 407 3919 gemitus
431 3833 518 3900 inde
547 3831 786 3920 procedunt?
838 3832 987 3900 Gemitus
1012 3831 1126 3910 etium,
1154 3827 1391 3918 Chrysippe,e

238 3939 372 4006 thorace
395 3941 526 4027 quidem
550 3946 583 4008 et
606 3941 771 4028 pulmone,
794 3964 860 4008 uon
883 3949 994 4006 tamen
1018 3965 1035 4004 e
1059 3939 1156 4008 cordo
1180 3939 1289 4006 emitti
1311 3940 1391 4007 dice·

239 4071 321 4134 mue,
343 4071 408 4116 non
432 4049 538 4136 magis
563 4073 662 4135 quum
686 4072 792 4115 voees
834 4049 925 4114 Alibi
949 4051 1036 4114 enim
1059 4047 1099 4114 de
1122 4045 1174 4113 his
1197 4047 1391 4134 singillatim

239 4157 377 4224 euobis
400 4153 659 4224 demonstratum
689 4161 740 4222 est
766 4180 870 4244 neque
899 4157 931 4223 id
960 4157 1111 4223 absolute
1137 4177 1242 4241 neque
1271 4157 1333 4242 ite,
1359 4158 1393 4220 nt

239 4287 259 4332 a
295 4269 328 4332 te
360 4288 460 4350 nunc,
493 4267 548 4352 qui
578 4287 618 4330 ne
653 4266 754 4332 ullum
792 4267 922 4354 quidem
956 4263 1186 4358 probationem
1223 4263 1392 4332 addideris.

238 4371 319 4441 Post
349 4373 429 4442 haee
459 4375 588 4460 copiam
617 4397 769 4442 versuum
803 4373 1005 4462 Chrysippus
1033 4375 1128 4440 utt'ert
1161 4395 1198 4440 ne
1226 4373 1393 4460 plerosque
