3020 5004
579 423 805 490 ..95-

107 585 265 672 scripturo
284 587 396 674 posita
415 591 504 672 sunt,
523 587 718 674 singillatim
741 607 997 672 percenseamus.
1031 583 1144 653 Oritur
1162 591 1271 652 orateun

109 697 143 760 id
167 719 271 784 genus
294 695 465 780 peccandi.
488 719 561 760 omn
586 703 643 761 aut
667 696 790 762 sirmles
811 695 996 760 litterarum
1021 697 1145 760 l'muuue
1169 695 1272 762 oeulis

109 805 322 870 librariorum
347 803 494 869 fraudem
516 805 662 870 fecerunt
686 818 741 869 aut
763 803 912 889 syllabae
931 803 1048 868 vitiose
1066 801 1273 888 pronuntiari

111 911 229 977 solitae
252 913 287 976 in
311 935 454 978 errorem
478 913 670 978 induxerunt
696 920 752 977 aaut
772 910 964 996 compendia
989 909 1166 994 scribendi,
1189 931 1272 996 quiue

110 1020 144 1084 in
169 1019 257 1084 exitu
281 1019 517 1086 vocabulorum
544 1019 696 1104 inprimis
724 1020 912 1104 frucprcnter
940 1015 1087 1082 adbiberi
1113 1017 1273 1102 solebant,

111 1128 162 1192 rel
186 1149 361 1212 perperam
383 1127 550 1194 intellecta
575 1139 651 1194 snm
676 1127 726 1193 uel
745 1125 894 1212 intellegi
915 1147 982 1191 non
1001 1127 1191 1210 potuermrt‚
1216 1127 1273 1190 uut·

111 1234 248 1321 denique
278 1233 430 1326 vocabuli
459 1235 597 1301 alicuius
625 1237 814 1301 terminatio
845 1233 972 1299 vicinae
1000 1231 1185 1298 assimilata
1214 1237 1272 1298 est.

113 1341 161 1406 Ac
189 1342 228 1407 de
256 1342 384 1408 duabus
416 1343 524 1408 causis
558 1345 722 1428 prioribus
754 1342 908 1430 (pecuniam
940 1363 1037 1426 supra
1069 1341 1271 1426 disputatum

112 1455 175 1534 est,
201 1451 258 1516 ubi
287 1451 322 1515 in
349 1450 537 1515 uniuersum
565 1452 682 1516 menda
711 1475 749 1516 ex
777 1451 818 1515 iis
848 1454 922 1516 orta
950 1447 1143 1534 collegimus
1174 1451 1271 1534 utque

113 1557 209 1623 simul
234 1561 386 1643 peccata,
409 1579 492 1644 quae
512 1558 552 1622 ad
572 1558 676 1624 exitu.-
699 1582 810 1624 cacum
833 1557 1009 1643 pertinent,
1033 1555 1195 1641 complexi
1220 1575 1271 1621 su-

113 1688 199 1750 mus,
222 1689 308 1733 nmio
332 1667 372 1732 de
396 1665 514 1730 ceteris
538 1665 674 1751 agonias
703 1678 800 1752 atque
828 1667 876 1731 ita
900 1665 1043 1751 quidem,
1070 1667 1107 1729 ut
1131 1663 1270 1748 primum

112 1773 150 1838 de
169 1774 355 1845 nominum,
379 1773 494 1838 deinde
513 1773 551 1838 de
571 1775 758 1841 verborum.
783 1775 920 1860 (laurique
940 1773 978 1838 dc
999 1777 1181 1838 ceterarum
1200 1793 1271 1838 ora-

111 1881 211 1947 tionis
236 1881 381 1966 partium
404 1881 681 1966 particularumue
703 1883 791 1946 exitu
816 1882 933 1948 uitiato
958 1881 1171 1966 disseramus3
1194 1901 1273 1944 num

21 1982 22 1994 ¹
113 2013 171 2054 sua
194 2011 342 2074 quaeque
367 1988 527 2055 orationis
550 2011 625 2073 pam¹
649 1990 856 2074 compendia,
881 2013 957 2054 suas
978 2011 1092 2057 caucasus
1117 1985 1273 2074 peccandi

112 2096 221 2162 babet
257 2095 329 2163 Nec
347 2103 459 2163 tamen
478 2097 589 2164 omnia
609 2097 703 2182 vitici,
727 2121 810 2181 quac
833 2097 960 2163 librarii
981 2095 1128 2162 codicum
1147 2099 1272 2162 riostm-

21 2273 22 2288 η
112 2227 184 2270 τοττι
209 2205 426 2291 admisu-mn,
449 2209 650 2290 pertractare
671 2205 705 2269 in
725 2206 870 2272 animum
890 2205 1089 2288 imluximuS,
1113 2225 1190 2270 uram
1214 2225 1272 2269 nec

113 2311 405 2398 palaeographiam
429 2313 603 2378 scribimus
633 2321 663 2376 et
694 2335 743 2376 res
768 2313 888 2378 inliniti
912 2313 1035 2378 laboris
1060 2315 1124 2396 cst,
1153 2311 1208 2378 sed
1234 2333 1272 2376 ea

113 2425 242 2486 tantum
270 2421 443 2504 elegimus,
474 2441 611 2506 (prorum
641 2418 788 2504 exempla
818 2443 884 2486 nem
914 2442 988 2486 raro
1021 2419 1062 2486 ab
1093 2419 1272 2486 editoribus

112 2528 263 2614 neglecta
288 2531 373 2594 sumt.
412 2529 521 2612 Atque
546 2527 832 2592 Substantiuorum
856 2527 892 2593 in
914 2553 973 2612 της
996 2528 1182 2594 onerantium
1206 2551 1272 2594 cre·

113 2635 257 2700 berrima
282 2643 332 2700 est
355 2635 553 2721 permutatio
578 2657 726 2700 casuum:
756 2635 789 2700 in
813 2635 846 2700 M
876 2631 1059 2720 ποσότητος
1087 2657 1146 2720 pro
1172 2629 1272 2702 ποσό-

110 2767 180 2826 τητι
207 2765 238 2826 p.
263 2743 328 2809 689
353 2747 429 2828 post
452 2743 509 2826 in,
539 2737 729 2826 ψυχρότητα
758 2765 817 2828 pro
843 2739 1021 2828 ψυχρότητι
1052 2767 1083 2830 p.
1107 2745 1172 2806 olla
1197 2749 1272 2810 alltc

111 2849 192 2914 med.
219 2855 251 2913 et
275 2851 355 2914 talia
381 2850 502 2934 scriptu
533 2850 726 2915 im'eninnrs.
776 2851 806 2914 l'.
831 2853 895 2916 1512
921 2875 951 2936 p.
974 2852 1045 2916 init.
1076 2849 1273 2917 lllllChl(

111 2957 272 3042 scriptum
296 2957 420 3024 hubent
443 2952 525 3022 όταν
545 2955 597 3022 ἐπὶ
622 2957 684 3022 τοῦ
704 2956 915 3042 περιέχοντος
934 2953 1031 3042 ἀέρος
1050 2955 1085 3022 τίι
1104 2958 1162 3044 τῆς
1180 2953 1272 3044 ἡλια-

109 3063 170 3147 κῆς
200 3057 307 3148 αὐγῆς
339 3059 528 3152 όρμηθτῑοιῖ
558 3089 607 3142 τις
637 3061 801 3150 ποιότης
834 3068 881 3144 εἰς
912 3061 1002 3132 ἅπαν
1034 3059 1141 3132 ττότοῦ
1172 3065 1273 3152 μέρος

109 3165 310 3256 ἀφικνῆται,
333 3169 488 3250 διάδοσις
509 3197 538 3238 ιτ.
561 3197 588 3238 τ.
610 3177 653 3260 l.;
678 3197 739 3238 nos
763 3170 901 3259 ποιότης
923 3174 958 3240 in
981 3171 1181 3259 ποιότητος
1203 3195 1272 3240 mu·

110 3279 255 3344 tavimus
277 3301 338 3345 nec
362 3285 440 3364 post
462 3273 659 3366 ἀφικνῆται,
688 3283 724 3344 ut
747 3279 792 3366 K,
818 3281 874 3347 sed
898 3285 973 3368 post
997 3278 1150 3360 διάδοσις
1172 3281 1272 3348 inter·

109 3387 299 3470 pruruximus.
327 3387 415 3472 quod
443 3391 616 3474 utrumqne
646 3389 827 3452 sententiae
857 3391 941 3454 ratio
969 3391 1128 3474 postulat:
1157 3387 1272 3476 ‘quali-

109 3500 217 3559 tatum
241 3495 275 3558 iu
299 3495 456 3560 coutimur
480 3518 619 3579 corpora
643 3497 880 3560 trarnsl'nsiunes
901 3497 1109 3582 appellantur
1132 3499 1272 3564 influxus

109 3602 278 3667 facultatis
303 3602 486 3686 cuiusdam3
511 3603 612 3679 uelut,
637 3627 709 3668 eum
736 3629 752 3668 n
778 3603 857 3668 solis
877 3605 978 3670 radiis
1003 3609 1150 3690 proti-ctu
1173 3607 1272 3688 praedi·

109 3713 184 3774 lulis
212 3711 386 3792 transfusio
415 3711 450 3774 in
480 3709 656 3775 ambientis
688 3713 771 3774 airis
802 3717 908 3776 totum
939 3735 1057 3796 corpus
1087 3713 1271 3796 penetrauit

108 3817 182 3902 ipsa
215 3818 296 3883 solis
326 3817 513 3882 substantia
543 3841 602 3883 suo
632 3817 705 3883 loeo
737 3831 903 3893 manente,
932 3818 1073 3884 inllnnns
1102 3819 1271 3884 facultatis

108 3924 229 3990 solaris
248 3923 313 3990 dici
328 3923 434 3990 solet!
448 3961 492 3971 -
511 3924 610 3990 Aliud
631 3925 815 4010 exemplum
831 3927 1022 3992 mendorum
1037 3951 1054 3992 e
1069 3927 1272 4012 compendiis

107 4055 175 4098 nou
189 4032 368 4098 intellectis
382 4037 535 4097 natorum
554 4033 713 4117 praebent
733 4033 765 4098 ll
775 4031 911 4098 ,llllCh
918 4052 931 4120 )
951 4057 982 4118 p.
996 4035 1062 4100 429
1077 4037 1171 4100 exta:
1195 4029 1271 4101 οὔτε

106 4144 235 4224 κρίσεις
257 4133 345 4204 εἶναι
368 4134 409 4203 τότ
436 4137 530 4224 πάθη
560 4137 727 4206 δεικνύων
756 4137 831 4208 οὔτε
862 4139 1099 4226 ἕπτγιγνόμτνττ
1127 4145 1272 4226 κρίσει,

107 4247 138 4312 Κ
171 4256 262 4313 recte
292 4247 477 4312 emendavit
506 4253 611 4330 κρίσει
645 4250 791 4313 scribens
822 4253 983 4330 κριότοτττ.
1033 4249 1156 4326 Quodsi
1188 4250 1271 4316 tales

108 4353 252 4421 Datiros
277 4377 298 4419 a
320 4353 466 4419 librariis
490 4357 645 4421 conlundi
670 4368 814 4438 constat,
836 4357 922 4422 idem
946 4381 1013 4423 uon
1033 4358 1147 4422 debuit
1169 4359 1273 4425 inteu-

108 4465 218 4528 tatum
241 4461 534 4550 relinquerem,
556 4487 654 4550 quem
676 4488 708 4552 p.
727 4465 794 4530 3135
816 4487 849 4552 p.
872 4465 955 4531 med
972 4465 1127 4553 legimus:
1149 4461 1188 4532 τό
1207 4462 1272 4552 γάρ
