2978 5030
547 336 794 403 -657-

87 492 168 572 τοὺς
203 490 268 560 δύο
305 491 445 580 λόγους,
487 490 530 563 οὐ
567 501 719 575 πλείονες
753 498 823 564 τῶν
858 489 945 572 ὀκτὼ
983 495 1171 582 ἑξαμέτρων
1205 493 1244 564 τὸ

88 607 310 688 συγκείμενον
333 602 367 682 έξ
390 597 503 670 αὐτῶν
525 605 655 689 πλῆθος
678 607 780 672 ἔσται.
824 607 914 683 τίνες
936 594 1001 672 οὖν
1025 603 1031 692 Ι
1056 611 1157 672 αι”τιοι
1184 606 1314 677 rudeto

86 709 185 776 πέντε
215 713 329 794 βιβλία
361 711 531 797 γραφῆναι
565 710 640 796 περὶ
676 707 822 780 τούτων.
854 706 876 778 il
909 708 966 779 διὰ
1004 707 1089 779 ὀντέι
1122 715 1246 799 στίχων

86 813 245 903 ἡρωλιιῶν
264 815 527 904 έπιστημονικὴυ
545 813 718 899 ἀπόδειξιν
736 813 837 904 rigere
862 812 924 903 οὐχ
946 813 1041 903 ἡμεῖς
1059 817 1246 906 δήπουθεν,

85 918 172 990 ἄλλα
196 925 233 990 ολ
252 919 297 1010 μὴ
321 925 524 1013 βουλόμενοι
547 939 748 1013 γραμμικατς
769 927 914 1012 χρῆσθαι
939 919 1126 1008 ἀποδείξεσι
1149 913 1273 1013 ‹pald-⁵
1339 987 1345 996 .

86 1048 210 1117 oopus,
232 1029 306 1117 περὶ
330 1021 381 1100 δν
403 1036 491 1119 ἔφην
515 1035 697 1101 αίδετσθαι.
741 1037 830 1111 τίνες
852 1028 890 1099 δὲ
914 1040 1015 1101 altior
1038 1035 1101 1101 τοῦ
1127 1029 1244 1102 καὶτὸ

84 1137 185 1206 ε”ιιτον
211 1143 346 1224 βιβλίον
379 1137 431 1207 aa
462 1135 578 1219 αὐτοῖς
608 1141 781 1228 γραφῆναι
808 1138 883 1226 ιτερλ
910 1141 969 1226 τῆς
1000 1144 1113 1228 τρίτης
1141 1134 1246 1230 ἀρχῆς

85 1245 298 1334 μακροτέρου
320 1245 383 1334 μὲν
405 1245 511 1335 λόγου
535 1249 706 1335 δεομένης,
730 1243 772 1314 οὐ
795 1244 863 1335 μὴν
885 1241 972 1315 ὥσθ’
999 1243 1082 1317 ὅλον
1103 1249 1142 1316 ἓν
1163 1254 1245 1336 πλη·

85 1355 243 1441 ρωθῖηναι
271 1359 421 1442 βιβλίονς
454 1359 490 1424 ol
518 1352 563 1444 μὴ
591 1355 859 1442 γεγυμνασμένοι
888 1341 1086 1442 γραμμικῶν
1112 1349 1245 1424 ἀποδεί-

85 1463 172 1542 ξεων
195 1457 344 1549 ἀκούειν,
367 1463 442 1532 έιτεέ
459 1488 512 1531 τοι
536 1461 591 1530 καλ
614 1459 739 1531 τούτου
760 1464 822 1530 τοῦ
844 1461 1031 1548 σκέμματος
1053 1461 1091 1530 έν
1118 1456 1246 1548 ὀλίγοις
1259 1482 1286 1525 ιι

84 1573 282 1654 κεφαλαίοις
305 1565 435 1658 dorios}
460 1565 637 1650 ἀπόδειξις.
673 1570 809 1657 ἐδείχθη
832 1567 897 1657 γὰρ
919 1573 958 1636 έν
979 1593 1015 1637 τε
1032 1581 1104 1650 τοῖς
1125 1582 1247 1656 φυτοῖς

84 1675 128 1745 τὰ
151 1674 322 1765 ταχύτατα
346 1678 429 1766 μέρη
453 1679 512 1764 τῆς
534 1674 639 1765 ἀρχῆς
661 1673 775 1745 αὐτῶν
798 1675 989 1764 έκφυόμευα
1012 1675 1067 1744 καὶ
1096 1676 1149 1745 tat
1176 1678 1246 1744 τῶν

86 1783 183 1877 ζῴων
213 1786 506 1874 προδεδειγμένου
536 1789 636 1853 δυοῖν
667 1781 797 1871 ἀρχῶν,
831 1787 889 1873 τῆς
920 1787 988 1854 τῶν
1025 1781 1158 1872 νεύρων
1189 1782 1244 1852 set

83 1893 156 1960 τῶν
179 1888 368 1988 ἇρτηριῷν,
386 1890 426 1961 τὰ
450 1891 512 1982 μὲν
535 1887 611 1961 οἷον
634 1893 770 1980 στελέχη
797 1891 882 1978 πρὸς
904 1905 977 1974 ταῖς
999 1887 1117 1979 ἀρχαῖς
1145 1887 1245 1976 εἶναι,

82 1997 187 2067 τὰδὲ
212 1995 383 2087 ἀνάλογον
410 1997 548 2080 κλάδοις
571 1999 608 2067 έν
634 2003 679 2090 τῷ
707 2001 860 2086 προϊέναι
888 1997 929 2068 τὰ
956 2001 1091 2086 στελέχη
1119 1997 1243 2087 γεννοέ-
1258 2018 1285 2061 ¹⁶

82 2131 181 2194 μενα.
216 2109 317 2176 τοῦτο
342 2106 405 2195 μέν
427 2109 466 2176 ἓν
488 2112 601 2194 λῆμμα
621 2105 677 2175 διὰ
697 2108 850 2194 ἐναργῶν
868 2104 1074 2189 ἀποδείξεων
1091 2106 1244 2196 ἐδείχθη·

86 2247 304 2255 um-..-

125 2311 136 2360 1
159 2304 215 2360 τῶν
240 2299 270 2371 ές
294 2300 424 2376 ἀμέτρων
448 2299 522 2360 irrui
545 2304 574 2361 M
598 2303 654 2360 τῶν
678 2299 840 2393 έξαμέτρυν
864 2299 938 2362 irari
962 2303 1073 2372 uncta
1097 2303 1134 2359 ci.
1156 2302 1243 2360 Proll.

82 2395 115 2448 p.
136 2384 195 2432 121.
219 2407 253 2418 -
283 2382 298 2431 'l
323 2372 356 2432 έν
374 2371 473 2440 αὐτοῖς
496 2375 630 2432 lllABCh
654 2371 690 2431 έπ
729 2373 827 2440 αὐτοῖς
850 2376 883 2436 Κ.
909 2409 942 2420 -
972 2385 989 2434 8
1012 2375 1065 2447 μέν
1088 2392 1159 2434 corr.
1181 2376 1242 2432 ml.

81 2465 162 2504 mun.
181 2448 210 2503 in
227 2445 263 2504 ‘iv
280 2448 319 2504 bl.
345 2478 377 2489 -
402 2450 525 2504 9rerha
545 2445 574 2502 oi
590 2445 627 2517 μὴ
651 2479 680 2488 -
703 2449 751 2504 καλ
771 2447 873 2504 τούτου
897 2449 926 2505 in
949 2465 1002 2504 ras.
1022 2448 1060 2503 M.
1084 2477 1116 2488 -
1143 2454 1177 2505 10
1196 2444 1247 2503 lut

81 2537 138 2590 pro
162 2515 229 2576 έπεί
247 2519 285 2575 ll.
315 2551 347 2562 -
378 2525 411 2575 1¹2
437 2521 486 2575 rol
510 2521 567 2574 τῶν
590 2520 837 2590 προδεδειγμένων
861 2521 941 2576 οοδδ,
961 2519 1024 2576 edd.
1047 2519 1096 2574 rol
1120 2513 1168 2574 tut
1187 2519 1244 2573 τῶν

82 2589 167 2657 ζώων
184 2593 300 2659 προδιδ,
320 2609 379 2646 nos.
400 2621 432 2632 -·
455 2599 487 2647 15
507 2589 577 2645 ιιλοίδ
592 2590 628 2646 M.
645 2623 677 2632 -
697 2589 846 2660 προσιέναι
861 2591 994 2647 naueh
1013 2588 1146 2660 προϊέναι
1160 2589 1243 2646 Corn.

80 2651 120 2720 Κ.
141 2693 173 2706 -·
195 2670 228 2720 16
248 2657 559 2732 έναργῶνᾶττεδείηθη
578 2662 615 2718 M.
635 2693 668 2704 —
1065 2677 1069 2685 “

79 2869 294 2933 hexametros
317 2884 384 2931 non
408 2863 548 2930 excedet
595 2863 734 2941 Quinam
762 2863 867 2950 igitur
893 2865 928 2931 in
952 2862 1179 2950 consuluere,
1205 2866 1245 2930 ut

82 2972 232 3060 quinque
256 2972 332 3038 libri
357 2972 640 3038 conscriberentur
663 2972 702 3037 de
729 2972 771 3037 iis
795 2974 906 3057 rebus,
933 2995 1016 3058 quae
1044 2977 1119 3040 octo
1142 2972 1243 3038 versi·

78 3081 148 3146 bus
171 3079 282 3146 herois
306 3078 618 3146 demonstrationem
647 3079 830 3166 elegantem
858 3079 980 3146 babere
1004 3079 1121 3147 docui?
1166 3077 1243 3146 Nou

77 3209 146 3255 nos
170 3191 270 3270 certe,
294 3186 350 3252 sed
373 3186 563 3274 philosophi
586 3187 650 3266 illi,
674 3187 730 3273 qui
753 3186 932 3254 linearibus
956 3187 1243 3254 demonstrationi·

77 3297 148 3358 hus
176 3295 224 3360 uti
251 3293 382 3378 uolunt,
409 3316 545 3381 quorum
576 3318 628 3361 me
651 3295 772 3380 pudere
796 3293 871 3362 dixi.
916 3293 954 3360 ln
978 3316 1137 3381 quosnam
1161 3293 1242 3360 itern

78 3400 183 3486 culpa
205 3402 400 3468 conferenda
428 3406 491 3488 cst,
518 3401 605 3488 quod
633 3408 743 3468 sertus
772 3403 856 3468 liber
879 3403 945 3468 illis
975 3401 1105 3468 additus
1129 3407 1180 3468 est
1203 3400 1243 3466 dc

78 3511 185 3576 tertio
209 3509 381 3594 principio,
406 3511 490 3595 quod
515 3509 698 3595 longiorem
728 3509 807 3576 illud
832 3510 962 3596 quidem
986 3509 1241 3595 disputationem

79 3617 286 3704 requirebat,
319 3639 385 3684 uon
415 3619 463 3684 ita
497 3623 606 3684 tamen
640 3617 787 3704 longam,
820 3623 857 3684 ut
888 3619 1016 3704 integer
1043 3637 1126 3682 unus
1158 3614 1243 3681 liber

78 3726 298 3809 impleretur?
348 3724 385 3791 lu
420 3749 475 3791 cos
511 3727 659 3811 iuquam,
687 3726 742 3811 qui
771 3727 806 3791 in
833 3726 1013 3792 linearibus
1040 3724 1242 3789 demonstra·

77 3833 231 3900 tionibus
259 3831 427 3899 audiendis
455 3855 521 3898 non
550 3835 627 3898 suut
650 3833 835 3916 exercitati,
863 3835 1119 3920 quemquamst
1145 3827 1242 3894 huius

76 3941 356 4008 considerationis
398 3941 511 4026 paucis
553 3941 717 4025 capitibus
764 3941 951 4006 continetur
994 3936 1242 4004 demonstratio.

77 4051 179 4114 Sicut
196 4049 281 4114 enirn
306 4049 338 4114 in
364 4048 522 4133 stirpibus
542 4049 764 4114 crassissimus
788 4053 897 4133 partes
922 4069 960 4113 cx
980 4047 1106 4130 origine
1130 4065 1241 4110 earum

76 4155 287 4226 ostendimus
320 4154 467 4240 prodire,
499 4155 545 4220 itu
586 4157 620 4222 in
660 4155 859 4222 animalibus
897 4155 1024 4220 duabus
1057 4151 1241 4238 originibus

76 4285 185 4348 surpra
211 4263 458 4346 demonstratis,
485 4285 659 4329 nervorum
687 4272 719 4329 et
749 4263 958 4344 arteriarum,
997 4261 1115 4327 horum
1151 4257 1242 4324 velut

74 4382 217 4441 truncos
236 4371 316 4457 ipsis
338 4371 520 4458 originibus
540 4369 724 4456 adhaerere,
744 4375 855 4456 partes
870 4375 979 4436 autem
999 4367 1134 4436 ramulis
1153 4365 1242 4432 siuri-

142 4485 224 4529 Gatcut
239 4486 266 4528 ale
281 4485 341 4528 ntae.
356 4488 413 4528 Plat.
426 4495 449 4528 et
464 4489 572 4538 thppocr.
586 4487 647 4530 trud.
991 4481 1025 4531 δέ
