3018 5036
663 291 908 358 -τοο-

205 479 278 524 νειν
305 451 346 523 τά
373 478 408 522 τε
431 451 530 522 ιιοινδι
562 451 616 522 καλ
643 477 683 520 τα
708 439 779 520 idm
802 449 882 520 καθ’
916 451 1060 540 ἑκάστην
1095 455 1234 544 τέχνην,
1263 457 1300 524 ἐν
1327 453 1372 524 δὲ

205 564 249 653 τῷ
272 557 355 629 κατὰ
379 563 543 649 ίητρεῑον,
570 566 605 628 τί
628 557 753 628 ταύτόν
776 586 809 628 τε
834 560 889 628 καὶ
919 566 954 630 τί
976 561 1111 649 ἕτερον,
1139 565 1313 632 τουτέστιν
1334 569 1375 634 εί

205 666 305 756 ὅμοιά
341 669 380 736 τί
407 669 475 738 ἐστι
509 668 564 736 καὶ
595 665 751 756 ἀνόμοια.
802 671 840 736 ’ἐν
867 667 932 756 γάρ
966 669 1034 737 εὀτι
1071 671 1111 757 τῇ
1148 671 1293 760 δυνάμει
1325 673 1371 742 τὰ

203 781 280 865 τρία
302 778 408 844 ταῦτα
431 777 616 864 σκίμματα,
639 774 677 844 τό
701 801 735 844 τε
759 777 833 863 περὶ
858 779 927 845 τῶν
950 779 1077 847 ιιοινῶν
1101 777 1157 846 καὶ
1185 783 1287 848 ίδίων
1310 782 1365 850 καί

178 884 242 954 οτὸ
268 888 471 972 διακρίνειν,
495 889 526 952 εί
552 882 652 972 ὃμοια
675 879 696 972 ἢ
720 879 865 972 ἀνόμοια
889 883 929 952 τὰ
956 885 1238 974 παραβαλλόμενα
1261 889 1369 976 πράγ-

205 991 292 1082 ματά
331 995 427 1079 ἐστι,
450 990 505 1059 καί
537 997 653 1079 τρίτον
691 993 742 1060 εἰιλ
776 991 923 1074 τούτοις,
955 999 991 1061 τί
1021 989 1147 1062 ταύτὸν
1184 995 1222 1062 ἐν
1251 993 1369 1076 αὐτοῖς

205 1101 352 1170 ἐστικαὶ
376 1100 556 1186 τίὲτερον.
601 1097 744 1167 sidonas
777 1097 841 1188 γὰρ
875 1105 911 1169 oi
933 1099 1094 1190 Ἕλληνες
1126 1100 1227 1190 ὅμοια
1250 1113 1367 1174 καλεῖν

205 1211 310 1280 ἐνίοτε
334 1208 374 1278 τὰ
397 1203 522 1277 ταύτὸν
552 1204 671 1294 ἔχοντά
695 1234 736 1274 τι.
780 1207 834 1276 καὶ
866 1206 906 1276 τά
930 1235 967 1296 γε
998 1213 1253 1299 παραδείγματα
1282 1214 1381 1282 κατὰ.

178 1313 330 1387 νταῦτὸν
357 1317 394 1385 ἐν
421 1329 492 1395 τοῖς
519 1315 830 1403 ταραβαλλομένοις
858 1315 1032 1386 ε’κίλειισεν
1061 1315 1147 1406 inde
1177 1316 1195 1388 ὁ
1221 1318 1368 1390 Πλάτων

139 1434 387 1498 :senoniense
424 1425 552 1513 γειτνιᾷ
576 1423 705 1502 δίπαις
726 1423 730 1511 Ι
750 1421 858 1513 τούτῳ
881 1427 926 1514 τῷ
951 1426 1111 1514 στέμματι
1135 1427 1190 1496 καὶ
1213 1427 1251 1496 τὸ
1282 1429 1367 1498 κατὰ

205 1531 270 1622 τὴν
291 1531 500 1621 διαιρετικὴν
519 1528 773 1620 ὀνομαζομένην
801 1531 969 1618 μέθοδον,
996 1524 1036 1620 ἧς
1062 1532 1126 1622 τὴν
1149 1534 1212 1624 μὲν
1239 1562 1369 1623 γυμνα-

206 1647 286 1710 σίαν
309 1638 327 1710 ὁ
352 1638 501 1708 Πλάτων
523 1640 562 1708 ἐν
585 1641 740 1727 Σοφιστῇ
763 1637 818 1706 καὶ
839 1643 1007 1732 Πολιτικῷ
1031 1647 1219 1730 πεποίηται,
1242 1643 1306 1732 τὴν
1329 1647 1368 1714 di

207 1749 240 1831 ἐξ
264 1745 367 1837 αὐτῆς
394 1754 510 1837 χρείαν
541 1747 708 1828 ίττίδειξεν
736 1741 798 1814 οὐκ
827 1747 864 1814 ἐν
887 1745 1021 1828 τούτοις
1046 1749 1172 1836 μόνον,
1200 1747 1285 1820 ἀλλὰ
1309 1773 1370 1820 σα-

206 1857 352 1944 φέστατα
380 1855 443 1944 μὲν
475 1852 543 1943 ἅμα
573 1853 629 1922 καὶ
652 1852 834 1922 τελεώτατα
857 1852 940 1922 κατά
967 1882 1002 1923 τε
1028 1861 1180 1944 Φίληβον
1202 1859 1258 1926 καὶ
1285 1866 1370 1928 Φαῖ-

167 1985 192 2027 ιε
206 1968 307 2054 δρον,
344 1960 387 2032 οὐ
427 1961 496 2052 μὴν
532 1957 615 2031 ἀλλὰ
652 1960 708 2028 eol
736 1962 819 2030 κατὰ
846 1959 910 2048 τὴν
934 1969 1117 2034 Πολιτείαν
1139 1991 1174 2034 τε
1197 1967 1252 2034 ml
1282 1965 1371 2036 ἄλλα

244 2151 256 2199 1
278 2145 339 2199 ίδια
358 2137 412 2198 εἴτ’
433 2133 486 2197 οὖν
505 2135 591 2212 ’ὅμοιοι
610 2139 657 2194 καλ
673 2135 796 2211 ἀνόμοια
811 2141 860 2195 FP
875 2138 1027 2198 ἰδιωτικὰ
1047 2143 1079 2198 δὲ
1095 2141 1146 2208 soie
1165 2147 1267 2215 τέχνας
1285 2167 1369 2202 τοττ-

207 2215 283 2272 intes
303 2215 331 2272 εἰ
348 2209 435 2287 ὅμοιοί
450 2209 477 2269 τ’
494 2213 547 2270 είοι
566 2215 615 2268 sul
630 2207 754 2294 ἀνόμοια
770 2214 934 2268 Mnssnhh'
950 2217 1010 2268 ι’δια
1025 2212 1097 2270 ταδ’
1115 2213 1238 2286 induens
1253 2220 1372 2288 τέχνην,

207 2283 239 2343 tv
258 2286 290 2344 dl
309 2288 348 2358 τῷ
368 2282 441 2342 κατὰ
463 2285 595 2356 insuetos,
615 2287 644 2338 τί
660 2280 766 2338 ταίτον
785 2305 814 2339 τε
834 2287 883 2340 ταὶ
902 2287 931 2339 τί
948 2285 1054 2354 ἕτερον,
1073 2289 1219 2344 τουτέστιν
1234 2291 1262 2345 εί
1278 2289 1371 2360 ὅμοιοί

205 2359 236 2414 τί
256 2355 314 2414 ἔστι
338 2361 387 2414 καλ
406 2354 531 2430 ἀνόμοια
557 2375 607 2412 nos
633 2357 812 2413 tentavimus.
838 2389 871 2398 -
896 2353 1054 2428 diivo'uoin
1081 2361 1130 2414 καλ
1153 2358 1185 2416 τὸ
1209 2365 1239 2416 τί
1260 2359 1371 2418 ταύτὸν

206 2431 255 2486 nul
275 2430 371 2502 ἕτερον
385 2431 444 2487 FP.
463 2461 499 2472 ·-
520 2437 533 2486 ἰ’
555 2430 642 2485 verbu
656 2425 776 2482 είοίθειοι
796 2460 829 2470 -
849 2449 876 2482 τι
896 2445 950 2485 οτα.
970 2429 1027 2485 FP.
1048 2463 1082 2472 —
1101 2439 1118 2488 8
1137 2430 1211 2488 sosoi
1229 2431 1262 2488 τδ
1277 2431 1370 2490 ended

207 2501 266 2558 FP.
286 2533 320 2544 ·-
346 2511 380 2558 10
398 2523 472 2558 κατα
491 2502 552 2570 (sic)
570 2497 606 2555 τὰ
626 2495 677 2568 τὴν
698 2499 734 2554 M.
760 2531 793 2542 -
821 2507 853 2556 12
873 2502 1001 2572 οωφιοτῆ
1021 2501 1052 2558 Ρ.
1073 2535 1105 2544 -
1138 2511 1170 2558 13
1190 2501 1281 2561 αὐτοῦ
1302 2508 1371 2564 llll’.

205 2603 241 2616 —
266 2582 300 2630 16
318 2568 389 2630 τίλλᾶ
416 2591 470 2632 om.
491 2571 674 2636 ,illechik
699 2573 733 2627 ct'.
758 2571 844 2627 Proll.
868 2591 896 2644 p.
924 2580 983 2630 107.
1007 2605 1041 2616 -
1064 2571 1189 2632 sillaim
1212 2577 1271 2632 Mn
1294 2577 1371 2634 ἄλλα

205 2640 278 2701 ἅττα
297 2645 366 2702 Bch
385 2641 447 2701 ἀλλ’
467 2640 539 2702 ἅττα
557 2647 588 2702 Ρ.
608 2677 641 2688 -

206 2765 344 2775 ——--.
358 2767 419 2776 --—·

206 2829 426 2917 Hippocrates
451 2829 486 2894 in
512 2828 598 2894 libro
622 2827 661 2894 de
689 2827 842 2894 fracturis
870 2829 1019 2914 pluribus
1047 2829 1173 2916 docuit,
1201 2834 1369 2920 quomodo

207 2939 394 3005 communio
418 2941 451 3002 et
478 2937 613 3022 propriu
641 2936 675 3002 in
703 2959 897 3024 unaquoque
926 2941 997 3004 arte
1025 2937 1207 3006 discernere
1236 2941 1370 3008 debere-

207 3069 294 3133 mus,
316 3046 404 3112 idem
428 3045 461 3110 in
484 3045 570 3110 libro
594 3045 633 3108 de
657 3047 804 3130 officina,
832 3045 909 3131 quid
933 3051 1020 3112 esset
1043 3046 1128 3112 idem
1153 3051 1294 3136 quidque
1318 3051 1366 3118 di·

207 3177 351 3241 versum,
373 3153 436 3220 hoe
464 3157 527 3235 est,
556 3155 706 3218 essentne
736 3175 787 3218 res
817 3153 941 3220 similes
970 3175 1012 3220 nn
1044 3154 1232 3223 dissimiles.
1285 3158 1367 3224 Tres

207 3263 294 3328 enim
313 3262 376 3328 hae
395 3261 673 3328 considerationes
693 3263 858 3344 potestate
878 3283 978 3328 smum
998 3261 1148 3350 idemque
1172 3269 1257 3350 sunt,
1280 3287 1366 3352 quoe

206 3371 245 3436 de
269 3369 496 3436 communibus
517 3371 567 3432 est
586 3371 619 3434 et
641 3369 794 3454 propriis,
817 3371 888 3434 tum
911 3392 976 3455 qus
993 3371 1218 3460 discernimus,
1241 3375 1367 3441 similia

207 3501 250 3544 un
272 3477 446 3544 dissimilia
469 3476 536 3542 sint
559 3498 610 3560 ea,
635 3498 718 3562 quae
742 3481 989 3564 comparantur,
1017 3477 1155 3566 denique
1182 3505 1260 3568 qun,
1286 3483 1366 3568 quid

206 3583 305 3664 idem,
334 3585 411 3671 quid
435 3585 599 3650 diversum
628 3585 672 3648 sit
699 3584 733 3649 iu
762 3585 872 3668 rebus,
904 3584 1086 3652 definimus.
1135 3587 1250 3656 Solent
1270 3591 1365 3680 'enim

208 3691 324 3758 Graeci
348 3691 472 3757 similia
490 3691 653 3758 interdum
674 3691 850 3777 appellare,
874 3715 957 3778 quoe
976 3693 1099 3779 uliquid
1123 3695 1256 3782 habent,
1278 3697 1365 3783 quel

207 3799 293 3866 idem
317 3799 372 3865 sit.
417 3799 462 3864 Et
485 3799 634 3886 exempla
662 3799 793 3885 quidem
818 3801 852 3865 in
880 3801 991 3886 rebus,
1018 3824 1101 3888 quse
1125 3809 1367 3890 comparantur,

207 3931 266 3994 per
292 3907 378 3974 idem
407 3907 558 3974 facienda
581 3931 651 3972 esse
675 3907 771 3974 Plato
799 3908 895 3976 nobis
923 3911 1100 3996 praecepit
1144 3911 1231 3978 Huic
1254 3915 1365 3978 autem

207 4015 478 4101 contemplationi
503 4015 612 4082 affinis
632 4017 872 4102 quodammodo
892 4017 992 4082 etiam
1016 4017 1075 4083 illo
1094 4023 1154 4102 est,
1176 4041 1259 4106 quse
1283 4020 1365 4086 disi-

207 4123 303 4190 dendi
327 4124 454 4190 ratione
474 4127 614 4206 constat
637 4125 728 4190 euius
748 4125 1013 4192 exercitationem
1034 4125 1129 4192 Plato
1153 4127 1185 4192 in
1207 4127 1368 4214 Sophiste

208 4236 241 4297 et
264 4231 404 4298 Politice
434 4231 583 4314 tradidit,
612 4254 706 4296 usum
734 4255 812 4300 vero
840 4257 905 4299 non
930 4233 983 4299 hie
1012 4233 1123 4316 mode,
1150 4234 1206 4301 sed
1235 4233 1367 4302 eviden-

207 4337 335 4404 tissime
359 4339 455 4403 simul
481 4345 513 4404 et
538 4339 783 4406 absolutissime
811 4341 845 4410 in
868 4339 1008 4441 l‘liilebo
1032 4347 1065 4407 et
1090 4341 1236 4408 Phaedro
1265 4347 1368 4428 atque
