<?xml version="1.0" encoding="UTF-8"?>
<!DOCTYPE html PUBLIC "-//W3C//DTD XHTML 1.0 Transitional//EN"
    "http://www.w3.org/TR/xhtml1/DTD/xhtml1-transitional.dtd">
<html xmlns="http://www.w3.org/1999/xhtml" xml:lang="en" lang="en">
 <head>
  <title>
</title>
<meta http-equiv="Content-Type" content="text/html;charset=utf-8" />
  <meta name='ocr-system' content='tesseract 3.04.00' />
  <meta name='ocr-capabilities' content='ocr_page ocr_carea ocr_par ocr_line ocrx_word'/>
</head>
<body>
  <div class='ocr_page' id='page_1' title='image "./claudiigalenide01mlgoog_0065.png"; bbox 0 0 2942 5008; ppageno 0'>
   <div class='ocr_carea' id='block_1_1' title="bbox 683 313 914 380">
    <p class='ocr_par' dir='ltr' id='par_1_1' title="bbox 683 313 914 380">
     <span class='ocr_line' id='line_1_1' title="bbox 683 313 914 380; baseline 0.039 -8"><span class='ocrx_word' id='word_1_1' title='bbox 683 313 914 380; x_wconf 70' lang='lat'><strong>-38-</strong></span> 
     </span>
    </p>
   </div>
   <div class='ocr_carea' id='block_1_2' title="bbox 220 459 1430 4436">
    <p class='ocr_par' dir='ltr' id='par_1_2' title="bbox 220 459 1430 2277">
     <span class='ocr_line' id='line_1_2' title="bbox 220 459 1428 552; baseline -0.014 -4"><span class='ocrx_word' id='word_1_2' title='bbox 220 481 401 548; x_wconf 73' lang='lat' dir='ltr'>editoribus</span> <span class='ocrx_word' id='word_1_3' title='bbox 428 477 554 545; x_wconf 72' lang='lat' dir='ltr'><strong>reddito</strong></span> <span class='ocrx_word' id='word_1_4' title='bbox 584 480 674 544; x_wconf 80' lang='lat' dir='ltr'><strong>suni:</strong></span> <span class='ocrx_word' id='word_1_5' title='bbox 706 481 789 552; x_wconf 69' lang='grc' dir='ltr'><strong><em>ἴσως</em></strong></span> <span class='ocrx_word' id='word_1_6' title='bbox 815 474 937 541; x_wconf 80' lang='grc' dir='ltr'><strong><em>τοίνυν</em></strong></span> <span class='ocrx_word' id='word_1_7' title='bbox 963 471 1091 538; x_wconf 79' lang='grc' dir='ltr'><strong><em>πλείων</em></strong></span> <span class='ocrx_word' id='word_1_8' title='bbox 1117 463 1163 538; x_wconf 79' lang='grc' dir='ltr'><strong>ιἰν</strong></span> <span class='ocrx_word' id='word_1_9' title='bbox 1189 459 1428 548; x_wconf 77' lang='grc' dir='ltr'><strong><em>δικαιοσύνη</em></strong></span> 
     </span>
     <span class='ocr_line' id='line_1_3' title="bbox 220 573 1428 678; baseline -0.012 -23"><span class='ocrx_word' id='word_1_10' title='bbox 220 587 259 656; x_wconf 79' lang='grc' dir='ltr'><strong>ἐν</strong></span> <span class='ocrx_word' id='word_1_11' title='bbox 280 588 327 678; x_wconf 78' lang='grc' dir='ltr'><strong>τῷ</strong></span> <span class='ocrx_word' id='word_1_12' title='bbox 350 591 476 674; x_wconf 69' lang='grc' dir='ltr'><strong><em>μειζονι</em></strong></span> <span class='ocrx_word' id='word_1_13' title='bbox 500 579 543 651; x_wconf 78' lang='grc' dir='ltr'><strong>ἂν</strong></span> <span class='ocrx_word' id='word_1_14' title='bbox 566 591 617 669; x_wconf 68' lang='grc' dir='ltr'><strong>εἴη</strong></span> <span class='ocrx_word' id='word_1_15' title='bbox 642 582 729 670; x_wconf 77' lang='lat' dir='ltr'><strong>(lego</strong></span> <span class='ocrx_word' id='word_1_16' title='bbox 753 579 860 670; x_wconf 74' lang='grc' dir='ltr'><strong><em>ἐνείη)</em></strong></span> <span class='ocrx_word' id='word_1_17' title='bbox 888 579 943 648; x_wconf 70' lang='grc' dir='ltr'><strong>καὶ</strong></span> <span class='ocrx_word' id='word_1_18' title='bbox 973 583 1056 646; x_wconf 78' lang='grc' dir='ltr'><strong><em>ἔστι</em></strong></span> <span class='ocrx_word' id='word_1_19' title='bbox 1084 583 1324 665; x_wconf 78' lang='grc' dir='ltr'><strong><em>καταμαθεῖν.</em></strong></span> <span class='ocrx_word' id='word_1_20' title='bbox 1386 573 1428 639; x_wconf 87' lang='lat' dir='ltr'>M</span> 
     </span>
     <span class='ocr_line' id='line_1_4' title="bbox 220 683 1428 780; baseline -0.013 -17"><span class='ocrx_word' id='word_1_21' title='bbox 220 693 276 763; x_wconf 82' lang='grc' dir='ltr'><strong>καὶ</strong></span> <span class='ocrx_word' id='word_1_22' title='bbox 299 701 523 780; x_wconf 73' lang='grc' dir='ltr'><strong><em>καταμαθεῖνς</em></strong></span> <span class='ocrx_word' id='word_1_23' title='bbox 547 693 643 758; x_wconf 85' lang='lat' dir='ltr'><strong>Plato</strong></span> <span class='ocrx_word' id='word_1_24' title='bbox 668 691 814 776; x_wconf 81' lang='lat' dir='ltr'><strong>scripsit:</strong></span> <span class='ocrx_word' id='word_1_25' title='bbox 842 688 897 756; x_wconf 79' lang='grc' dir='ltr'><strong>καὶ</strong></span> <span class='ocrx_word' id='word_1_26' title='bbox 922 685 1031 777; x_wconf 78' lang='grc' dir='ltr'><strong><em>ῥᾴων</em></strong></span> <span class='ocrx_word' id='word_1_27' title='bbox 1053 693 1291 772; x_wconf 74' lang='grc' dir='ltr'><strong><em>καταμαθεῖντ</em></strong></span> <span class='ocrx_word' id='word_1_28' title='bbox 1328 683 1428 750; x_wconf 84' lang='lat' dir='ltr'><strong>illud</strong></span> 
     </span>
     <span class='ocr_line' id='line_1_5' title="bbox 222 793 1429 885; baseline -0.012 -15"><span class='ocrx_word' id='word_1_29' title='bbox 222 806 292 870; x_wconf 83' lang='grc' dir='ltr'><strong><em>ἔστι</em></strong></span> <span class='ocrx_word' id='word_1_30' title='bbox 315 803 516 869; x_wconf 77' lang='lat' dir='ltr'><strong>inculcatum</strong></span> <span class='ocrx_word' id='word_1_31' title='bbox 540 805 590 866; x_wconf 76' lang='lat' dir='ltr'><strong>est</strong></span> <span class='ocrx_word' id='word_1_32' title='bbox 611 801 685 866; x_wconf 88' lang='lat' dir='ltr'><strong>loco</strong></span> <span class='ocrx_word' id='word_1_33' title='bbox 710 799 875 864; x_wconf 80' lang='lat' dir='ltr'><strong>Adieciivi</strong></span> <span class='ocrx_word' id='word_1_34' title='bbox 900 793 1009 885; x_wconf 78' lang='grc' dir='ltr'><strong><em>ῥᾴων,</em></strong></span> <span class='ocrx_word' id='word_1_35' title='bbox 1038 795 1126 881; x_wconf 86' lang='lat' dir='ltr'><strong>quod</strong></span> <span class='ocrx_word' id='word_1_36' title='bbox 1151 795 1186 859; x_wconf 88' lang='lat' dir='ltr'><strong>in</strong></span> <span class='ocrx_word' id='word_1_37' title='bbox 1210 794 1429 877; x_wconf 75' lang='lat' dir='ltr'><strong>archetypo</strong></span> 
     </span>
     <span class='ocr_line' id='line_1_6' title="bbox 222 901 1430 993; baseline -0.013 -15"><span class='ocrx_word' id='word_1_38' title='bbox 222 909 385 993; x_wconf 80' lang='lat' dir='ltr'><strong>familiae,</strong></span> <span class='ocrx_word' id='word_1_39' title='bbox 411 910 496 976; x_wconf 86' lang='lat' dir='ltr'><strong>unde</strong></span> <span class='ocrx_word' id='word_1_40' title='bbox 525 909 560 974; x_wconf 98' lang='lat' dir='ltr'>M</span> <span class='ocrx_word' id='word_1_41' title='bbox 589 913 621 973; x_wconf 83' lang='lat' dir='ltr'><strong>et</strong></span> <span class='ocrx_word' id='word_1_42' title='bbox 649 907 680 972; x_wconf 75' lang='lat' dir='ltr'>A</span> <span class='ocrx_word' id='word_1_43' title='bbox 712 905 875 992; x_wconf 80' lang='lat' dir='ltr'>originem</span> <span class='ocrx_word' id='word_1_44' title='bbox 904 905 1041 987; x_wconf 75' lang='lat' dir='ltr'><strong>ducunt,</strong></span> <span class='ocrx_word' id='word_1_45' title='bbox 1068 903 1228 968; x_wconf 80' lang='lat' dir='ltr'><strong>excidisse</strong></span> <span class='ocrx_word' id='word_1_46' title='bbox 1255 901 1430 968; x_wconf 76' lang='lat' dir='ltr'><strong>videtur.</strong></span> 
     </span>
     <span class='ocr_line' id='line_1_7' title="bbox 223 1006 1430 1096; baseline -0.011 -11"><span class='ocrx_word' id='word_1_47' title='bbox 223 1017 259 1085; x_wconf 90' lang='lat' dir='ltr'><strong>P.</strong></span> <span class='ocrx_word' id='word_1_48' title='bbox 279 1016 344 1084; x_wconf 80' lang='grc'><strong>756</strong></span> <span class='ocrx_word' id='word_1_49' title='bbox 364 1020 440 1083; x_wconf 80' lang='lat' dir='ltr'><strong>anie</strong></span> <span class='ocrx_word' id='word_1_50' title='bbox 459 1017 512 1082; x_wconf 81' lang='lat' dir='ltr'><strong>fiu</strong></span> <span class='ocrx_word' id='word_1_51' title='bbox 533 1013 693 1080; x_wconf 76' lang='lat' dir='ltr'><strong>Galerium</strong></span> <span class='ocrx_word' id='word_1_52' title='bbox 717 1015 751 1078; x_wconf 86' lang='lat' dir='ltr'><strong>in</strong></span> <span class='ocrx_word' id='word_1_53' title='bbox 775 1006 888 1080; x_wconf 81' lang='lat' dir='ltr'><strong>c&#39;odice</strong></span> <span class='ocrx_word' id='word_1_54' title='bbox 907 1035 965 1080; x_wconf 89' lang='lat' dir='ltr'><strong>suo</strong></span> <span class='ocrx_word' id='word_1_55' title='bbox 985 1011 1161 1078; x_wconf 73' lang='lat' dir='ltr'><strong>Platonico</strong></span> <span class='ocrx_word' id='word_1_56' title='bbox 1183 1033 1253 1076; x_wconf 88' lang='lat' dir='ltr'><strong>non</strong></span> <span class='ocrx_word' id='word_1_57' title='bbox 1278 1009 1430 1096; x_wconf 79' lang='lat' dir='ltr'><strong>legisse</strong></span> 
     </span>
     <span class='ocr_line' id='line_1_8' title="bbox 225 1115 1429 1209; baseline -0.002 -19"><span class='ocrx_word' id='word_1_58' title='bbox 225 1117 320 1207; x_wconf 73' lang='grc' dir='ltr'><strong><em>ὥστ’,</em></strong></span> <span class='ocrx_word' id='word_1_59' title='bbox 349 1125 381 1190; x_wconf 79' lang='grc' dir='ltr'><strong>εἰ</strong></span> <span class='ocrx_word' id='word_1_60' title='bbox 407 1119 470 1209; x_wconf 71' lang='grc' dir='ltr'><strong>μὲν</strong></span> <span class='ocrx_word' id='word_1_61' title='bbox 497 1118 579 1188; x_wconf 76' lang='grc' dir='ltr'><strong><em>ἄλλο</em></strong></span> <span class='ocrx_word' id='word_1_62' title='bbox 607 1146 637 1186; x_wconf 94' lang='grc' dir='ltr'><strong>τι</strong></span> <span class='ocrx_word' id='word_1_63' title='bbox 665 1118 740 1203; x_wconf 78' lang='grc' dir='ltr'><strong>περὶ</strong></span> <span class='ocrx_word' id='word_1_64' title='bbox 767 1119 885 1205; x_wconf 78' lang='grc' dir='ltr'><strong><em>τέχνης</em></strong></span> <span class='ocrx_word' id='word_1_65' title='bbox 912 1117 1025 1204; x_wconf 81' lang='grc' dir='ltr'><strong><em>λόγων</em></strong></span> <span class='ocrx_word' id='word_1_66' title='bbox 1054 1115 1168 1202; x_wconf 83' lang='grc' dir='ltr'><strong><em>λε’γοις</em></strong></span> <span class='ocrx_word' id='word_1_67' title='bbox 1200 1117 1251 1205; x_wconf 85' lang='grc' dir='ltr'><strong>(Μ</strong></span> <span class='ocrx_word' id='word_1_68' title='bbox 1285 1115 1429 1202; x_wconf 75' lang='grc' dir='ltr'><strong><em>λέγεις.</em></strong></span> 
     </span>
     <span class='ocr_line' id='line_1_9' title="bbox 225 1217 1428 1318; baseline -0.007 -21"><span class='ocrx_word' id='word_1_69' title='bbox 225 1231 266 1298; x_wconf 83' lang='lat' dir='ltr'><strong>cf.</strong></span> <span class='ocrx_word' id='word_1_70' title='bbox 289 1253 388 1317; x_wconf 81' lang='lat' dir='ltr'><strong>supro</strong></span> <span class='ocrx_word' id='word_1_71' title='bbox 411 1253 442 1317; x_wconf 91' lang='lat' dir='ltr'><strong>p.</strong></span> <span class='ocrx_word' id='word_1_72' title='bbox 466 1229 539 1318; x_wconf 80' lang='lat'>21),</span> <span class='ocrx_word' id='word_1_73' title='bbox 566 1221 748 1312; x_wconf 76' lang='grc' dir='ltr'><strong><em>ἀκούωμεν</em></strong></span> <span class='ocrx_word' id='word_1_74' title='bbox 771 1223 831 1310; x_wconf 79' lang='grc' dir='ltr'><strong>ἄν,</strong></span> <span class='ocrx_word' id='word_1_75' title='bbox 854 1229 886 1293; x_wconf 83' lang='grc' dir='ltr'><strong>εἰ</strong></span> <span class='ocrx_word' id='word_1_76' title='bbox 907 1223 944 1296; x_wconf 73' lang='lat' dir='ltr'><strong>di</strong></span> <span class='ocrx_word' id='word_1_77' title='bbox 968 1223 1031 1312; x_wconf 74' lang='grc' dir='ltr'><strong>μή,</strong></span> <span class='ocrx_word' id='word_1_78' title='bbox 1058 1217 1111 1303; x_wconf 84' lang='grc' dir='ltr'><strong>οἷς</strong></span> <span class='ocrx_word' id='word_1_79' title='bbox 1134 1227 1202 1291; x_wconf 86' lang='grc' dir='ltr'><strong>νῦν</strong></span> <span class='ocrx_word' id='word_1_80' title='bbox 1231 1222 1281 1311; x_wconf 78' lang='grc' dir='ltr'><strong>δὴ</strong></span> <span class='ocrx_word' id='word_1_81' title='bbox 1314 1221 1428 1308; x_wconf 79' lang='grc' dir='ltr'><strong><em>διήλ-</em></strong></span> 
     </span>
     <span class='ocr_line' id='line_1_10' title="bbox 225 1325 1428 1423; baseline -0.007 -19"><span class='ocrx_word' id='word_1_82' title='bbox 225 1345 335 1423; x_wconf 81' lang='grc' dir='ltr'><strong><em>θομεν</em></strong></span> <span class='ocrx_word' id='word_1_83' title='bbox 364 1333 565 1420; x_wconf 80' lang='grc' dir='ltr'><strong><em>πεισόμεθα,</em></strong></span> <span class='ocrx_word' id='word_1_84' title='bbox 596 1335 651 1400; x_wconf 87' lang='lat' dir='ltr'><strong>sed</strong></span> <span class='ocrx_word' id='word_1_85' title='bbox 680 1325 731 1412; x_wconf 84' lang='grc' dir='ltr'><strong>οἷς</strong></span> <span class='ocrx_word' id='word_1_86' title='bbox 760 1335 824 1400; x_wconf 86' lang='grc' dir='ltr'><strong>νῦν</strong></span> <span class='ocrx_word' id='word_1_87' title='bbox 852 1333 1041 1419; x_wconf 77' lang='grc' dir='ltr'><strong><em>διήλθομεν</em></strong></span> <span class='ocrx_word' id='word_1_88' title='bbox 1068 1334 1169 1418; x_wconf 75' lang='lat' dir='ltr'><strong>(Plau</strong></span> <span class='ocrx_word' id='word_1_89' title='bbox 1197 1332 1357 1400; x_wconf 83' lang='lat' dir='ltr'><strong>Phaedr.</strong></span> <span class='ocrx_word' id='word_1_90' title='bbox 1393 1355 1428 1416; x_wconf 91' lang='lat' dir='ltr'><strong>p.</strong></span> 
     </span>
     <span class='ocr_line' id='line_1_11' title="bbox 227 1439 1427 1530; baseline -0.006 -19"><span class='ocrx_word' id='word_1_91' title='bbox 227 1442 352 1530; x_wconf 79' lang='grc'><strong>2731))</strong></span> <span class='ocrx_word' id='word_1_92' title='bbox 376 1447 516 1509; x_wconf 72' lang='lat' dir='ltr'><strong>testatur</strong></span> <span class='ocrx_word' id='word_1_93' title='bbox 534 1441 583 1520; x_wconf 88' lang='lat' dir='ltr'><strong>M,</strong></span> <span class='ocrx_word' id='word_1_94' title='bbox 607 1442 640 1506; x_wconf 88' lang='lat' dir='ltr'><strong>iu</strong></span> <span class='ocrx_word' id='word_1_95' title='bbox 665 1463 729 1526; x_wconf 87' lang='lat' dir='ltr'><strong>quo</strong></span> <span class='ocrx_word' id='word_1_96' title='bbox 753 1442 835 1507; x_wconf 92' lang='lat' dir='ltr'><strong>illud</strong></span> <span class='ocrx_word' id='word_1_97' title='bbox 864 1439 906 1526; x_wconf 71' lang='lat' dir='ltr'><strong>dri</strong></span> <span class='ocrx_word' id='word_1_98' title='bbox 931 1465 997 1508; x_wconf 85' lang='lat' dir='ltr'><strong>uon</strong></span> <span class='ocrx_word' id='word_1_99' title='bbox 1021 1443 1202 1525; x_wconf 74' lang='lat' dir='ltr'><strong>invenitur,</strong></span> <span class='ocrx_word' id='word_1_100' title='bbox 1225 1443 1324 1526; x_wconf 85' lang='lat' dir='ltr'><strong>quod</strong></span> <span class='ocrx_word' id='word_1_101' title='bbox 1355 1463 1427 1527; x_wconf 88' lang='lat' dir='ltr'><strong>pro</strong></span> 
     </span>
     <span class='ocr_line' id='line_1_12' title="bbox 228 1549 1427 1638; baseline -0.004 -22"><span class='ocrx_word' id='word_1_102' title='bbox 228 1550 452 1638; x_wconf 79' lang='lat' dir='ltr'><strong>diiiographia</strong></span> <span class='ocrx_word' id='word_1_103' title='bbox 497 1549 659 1634; x_wconf 74' lang='lat' dir='ltr'><strong>sequentis</strong></span> <span class='ocrx_word' id='word_1_104' title='bbox 703 1549 852 1633; x_wconf 77' lang='lat' dir='ltr'>syllabae</span> <span class='ocrx_word' id='word_1_105' title='bbox 890 1551 922 1614; x_wconf 87' lang='grc' dir='ltr'><strong>ὁι</strong></span> <span class='ocrx_word' id='word_1_106' title='bbox 947 1551 1064 1616; x_wconf 84' lang='lat' dir='ltr'><strong>haberi</strong></span> <span class='ocrx_word' id='word_1_107' title='bbox 1105 1553 1224 1634; x_wconf 69' lang='lat' dir='ltr'><strong>poiesi</strong></span> <span class='ocrx_word' id='word_1_108' title='bbox 1292 1549 1427 1616; x_wconf 77' lang='lat' dir='ltr'><strong>Diuo-</strong></span> 
     </span>
     <span class='ocr_line' id='line_1_13' title="bbox 228 1656 1425 1746; baseline -0.003 -23"><span class='ocrx_word' id='word_1_109' title='bbox 228 1656 387 1746; x_wconf 83' lang='lat' dir='ltr'><strong>graphiae</strong></span> <span class='ocrx_word' id='word_1_110' title='bbox 418 1661 528 1722; x_wconf 72' lang='lat' dir='ltr'><strong>auum</strong></span> <span class='ocrx_word' id='word_1_111' title='bbox 559 1657 697 1741; x_wconf 67' lang='lat' dir='ltr'><strong>vestigia</strong></span> <span class='ocrx_word' id='word_1_112' title='bbox 728 1657 821 1740; x_wconf 82' lang='lat' dir='ltr'><strong>plura</strong></span> <span class='ocrx_word' id='word_1_113' title='bbox 851 1658 885 1722; x_wconf 85' lang='lat' dir='ltr'><strong>in</strong></span> <span class='ocrx_word' id='word_1_114' title='bbox 915 1663 945 1723; x_wconf 69' lang='lat' dir='ltr'>A</span> <span class='ocrx_word' id='word_1_115' title='bbox 976 1657 1278 1744; x_wconf 80' lang='lat' dir='ltr'><strong>‹leprehendrurtur‚</strong></span> <span class='ocrx_word' id='word_1_116' title='bbox 1318 1656 1425 1720; x_wconf 77' lang='lat' dir='ltr'><strong>reiut</strong></span> 
     </span>
     <span class='ocr_line' id='line_1_14' title="bbox 229 1756 1422 1850; baseline -0.002 -21"><span class='ocrx_word' id='word_1_117' title='bbox 229 1787 261 1850; x_wconf 92' lang='lat' dir='ltr'><strong>p.</strong></span> <span class='ocrx_word' id='word_1_118' title='bbox 282 1765 344 1830; x_wconf 89' lang='grc'><strong>779</strong></span> <span class='ocrx_word' id='word_1_119' title='bbox 370 1765 465 1846; x_wconf 83' lang='lat' dir='ltr'><strong>med,</strong></span> <span class='ocrx_word' id='word_1_120' title='bbox 488 1764 546 1830; x_wconf 83' lang='lat' dir='ltr'><strong>ubi</strong></span> <span class='ocrx_word' id='word_1_121' title='bbox 571 1765 603 1828; x_wconf 91' lang='lat' dir='ltr'><strong>in</strong></span> <span class='ocrx_word' id='word_1_122' title='bbox 629 1764 702 1828; x_wconf 73' lang='lat' dir='ltr'><strong>Alc.</strong></span> <span class='ocrx_word' id='word_1_123' title='bbox 727 1768 760 1829; x_wconf 79' lang='lat' dir='ltr'><strong>ei</strong></span> <span class='ocrx_word' id='word_1_124' title='bbox 780 1765 855 1830; x_wconf 83' lang='lat' dir='ltr'><strong>Bas.</strong></span> <span class='ocrx_word' id='word_1_125' title='bbox 879 1766 1038 1849; x_wconf 83' lang='lat' dir='ltr'><strong>scriptum</strong></span> <span class='ocrx_word' id='word_1_126' title='bbox 1062 1768 1111 1828; x_wconf 82' lang='lat' dir='ltr'><strong>est</strong></span> <span class='ocrx_word' id='word_1_127' title='bbox 1135 1760 1357 1846; x_wconf 77' lang='grc' dir='ltr'><strong><em>φιλοσόφοις</em></strong></span> <span class='ocrx_word' id='word_1_128' title='bbox 1385 1756 1422 1827; x_wconf 76' lang='grc' dir='ltr'><strong>δ’</strong></span> 
     </span>
     <span class='ocr_line' id='line_1_15' title="bbox 231 1863 1422 1956; baseline -0.002 -18"><span class='ocrx_word' id='word_1_129' title='bbox 231 1865 308 1939; x_wconf 83' lang='grc' dir='ltr'><strong><em>οὕτε</em></strong></span> <span class='ocrx_word' id='word_1_130' title='bbox 327 1864 358 1936; x_wconf 79' lang='grc' dir='ltr'><strong>δ’</strong></span> <span class='ocrx_word' id='word_1_131' title='bbox 380 1863 462 1935; x_wconf 78' lang='grc' dir='ltr'><strong><em>ἄντ’</em></strong></span> <span class='ocrx_word' id='word_1_132' title='bbox 485 1873 532 1947; x_wconf 74' lang='grc' dir='ltr'><strong>εἰς</strong></span> <span class='ocrx_word' id='word_1_133' title='bbox 548 1867 612 1953; x_wconf 75' lang='grc' dir='ltr'><strong>τὴν</strong></span> <span class='ocrx_word' id='word_1_134' title='bbox 631 1865 780 1953; x_wconf 68' lang='grc' dir='ltr'><strong><em>εὕρεσιν,</em></strong></span> <span class='ocrx_word' id='word_1_135' title='bbox 803 1873 890 1956; x_wconf 86' lang='lat' dir='ltr'><strong>quod</strong></span> <span class='ocrx_word' id='word_1_136' title='bbox 911 1872 1101 1938; x_wconf 79' lang='lat' dir='ltr'><strong>Charierius</strong></span> <span class='ocrx_word' id='word_1_137' title='bbox 1122 1871 1232 1936; x_wconf 79' lang='lat' dir='ltr'><strong>deleio</strong></span> <span class='ocrx_word' id='word_1_138' title='bbox 1256 1865 1289 1936; x_wconf 75' lang='grc' dir='ltr'><strong>δ’</strong></span> <span class='ocrx_word' id='word_1_139' title='bbox 1322 1863 1422 1936; x_wconf 73' lang='grc' dir='ltr'><strong><em>ἄντ’</em></strong></span> 
     </span>
     <span class='ocr_line' id='line_1_16' title="bbox 231 1976 1424 2064; baseline -0.003 -19"><span class='ocrx_word' id='word_1_140' title='bbox 231 1977 386 2062; x_wconf 72' lang='lat' dir='ltr'><strong>correxit,</strong></span> <span class='ocrx_word' id='word_1_141' title='bbox 410 2000 440 2063; x_wconf 92' lang='lat' dir='ltr'><strong>p.</strong></span> <span class='ocrx_word' id='word_1_142' title='bbox 466 1979 530 2044; x_wconf 79' lang='grc'><strong>792</strong></span> <span class='ocrx_word' id='word_1_143' title='bbox 554 1981 627 2062; x_wconf 80' lang='lat' dir='ltr'><strong>posi</strong></span> <span class='ocrx_word' id='word_1_144' title='bbox 652 1978 749 2062; x_wconf 80' lang='lat' dir='ltr'><strong>med,</strong></span> <span class='ocrx_word' id='word_1_145' title='bbox 777 1979 833 2044; x_wconf 92' lang='lat' dir='ltr'><strong>ubi</strong></span> <span class='ocrx_word' id='word_1_146' title='bbox 858 1981 959 2045; x_wconf 79' lang='lat' dir='ltr'><strong>rerba</strong></span> <span class='ocrx_word' id='word_1_147' title='bbox 983 1976 1028 2064; x_wconf 76' lang='grc' dir='ltr'><strong>μὴ</strong></span> <span class='ocrx_word' id='word_1_148' title='bbox 1054 1977 1194 2044; x_wconf 79' lang='grc' dir='ltr'><strong><em>ὁιυατοὶ</em></strong></span> <span class='ocrx_word' id='word_1_149' title='bbox 1222 1977 1424 2064; x_wconf 69' lang='grc' dir='ltr'><strong><em>γενοίμεθα</em></strong></span> 
     </span>
     <span class='ocr_line' id='line_1_17' title="bbox 231 2078 1423 2172; baseline -0.001 -20"><span class='ocrx_word' id='word_1_150' title='bbox 231 2080 338 2170; x_wconf 73' lang='grc' dir='ltr'><strong><em>πάντα</em></strong></span> <span class='ocrx_word' id='word_1_151' title='bbox 353 2081 487 2162; x_wconf 79' lang='grc' dir='ltr'><strong><em>πάντως</em></strong></span> <span class='ocrx_word' id='word_1_152' title='bbox 505 2078 552 2150; x_wconf 81' lang='grc' dir='ltr'><strong>ἂν</strong></span> <span class='ocrx_word' id='word_1_153' title='bbox 571 2109 662 2161; x_wconf 86' lang='grc' dir='ltr'><strong><em>τους</em></strong></span> <span class='ocrx_word' id='word_1_154' title='bbox 681 2079 805 2162; x_wconf 72' lang='grc' dir='ltr'><strong><em>αὐτοῦς</em></strong></span> <span class='ocrx_word' id='word_1_155' title='bbox 824 2080 944 2172; x_wconf 73' lang='grc' dir='ltr'><strong><em>αὐτῆς</em></strong></span> <span class='ocrx_word' id='word_1_156' title='bbox 963 2081 1259 2171; x_wconf 75' lang='grc' dir='ltr'><strong><em>ὁμολογουμένους</em></strong></span> <span class='ocrx_word' id='word_1_157' title='bbox 1277 2085 1423 2172; x_wconf 81' lang='grc' dir='ltr'><strong><em>λόγους</em></strong></span> 
     </span>
     <span class='ocr_line' id='line_1_18' title="bbox 232 2185 1420 2277; baseline -0.002 -18"><span class='ocrx_word' id='word_1_158' title='bbox 232 2190 287 2259; x_wconf 79' lang='grc' dir='ltr'><strong>καὶ</strong></span> <span class='ocrx_word' id='word_1_159' title='bbox 321 2185 618 2277; x_wconf 73' lang='grc' dir='ltr'><strong><em>ἀπηκριβωμέναις</em></strong></span> <span class='ocrx_word' id='word_1_160' title='bbox 645 2185 833 2259; x_wconf 72' lang='grc' dir='ltr'><strong><em>ἀποδοῦναι</em></strong></span> <span class='ocrx_word' id='word_1_161' title='bbox 863 2217 880 2258; x_wconf 92' lang='lat' dir='ltr'><strong>e</strong></span> <span class='ocrx_word' id='word_1_162' title='bbox 909 2194 1079 2260; x_wconf 81' lang='lat' dir='ltr'><strong>Marciano</strong></span> <span class='ocrx_word' id='word_1_163' title='bbox 1108 2199 1140 2258; x_wconf 81' lang='lat' dir='ltr'><strong>et</strong></span> <span class='ocrx_word' id='word_1_164' title='bbox 1169 2217 1187 2259; x_wconf 92' lang='lat' dir='ltr'><strong>e</strong></span> <span class='ocrx_word' id='word_1_165' title='bbox 1218 2193 1420 2262; x_wconf 73' lang='lat' dir='ltr'>Platonicis</span> 
     </span>
    </p>

    <p class='ocr_par' dir='ltr' id='par_1_3' title="bbox 234 2296 1420 2386">
     <span class='ocr_line' id='line_1_19' title="bbox 234 2296 1420 2386; baseline 0 -20"><span class='ocrx_word' id='word_1_166' title='bbox 234 2299 398 2366; x_wconf 84' lang='lat' dir='ltr'><strong>codicibus</strong></span> <span class='ocrx_word' id='word_1_167' title='bbox 430 2299 526 2386; x_wconf 77' lang='lat' dir='ltr'><strong>(Tim.</strong></span> <span class='ocrx_word' id='word_1_168' title='bbox 556 2323 588 2384; x_wconf 86' lang='lat' dir='ltr'><strong>p.</strong></span> <span class='ocrx_word' id='word_1_169' title='bbox 619 2297 717 2384; x_wconf 73' lang='lat'><strong>290)</strong></span> <span class='ocrx_word' id='word_1_170' title='bbox 747 2301 796 2364; x_wconf 79' lang='lat' dir='ltr'><strong>iio</strong></span> <span class='ocrx_word' id='word_1_171' title='bbox 824 2302 1028 2368; x_wconf 78' lang='lat' dir='ltr'><strong>restituendo</strong></span> <span class='ocrx_word' id='word_1_172' title='bbox 1058 2307 1147 2386; x_wconf 80' lang='lat' dir='ltr'><strong>sunt,</strong></span> <span class='ocrx_word' id='word_1_173' title='bbox 1177 2307 1215 2368; x_wconf 79' lang='lat' dir='ltr'><strong>ut</strong></span> <span class='ocrx_word' id='word_1_174' title='bbox 1246 2303 1335 2369; x_wconf 89' lang='lat' dir='ltr'><strong>illud</strong></span> <span class='ocrx_word' id='word_1_175' title='bbox 1371 2296 1420 2366; x_wconf 80' lang='grc' dir='ltr'><strong>ἂν</strong></span> 
     </span>
    </p>

    <p class='ocr_par' dir='ltr' id='par_1_4' title="bbox 234 2401 1418 2497">
     <span class='ocr_line' id='line_1_20' title="bbox 234 2401 1418 2497; baseline 0.002 -25"><span class='ocrx_word' id='word_1_176' title='bbox 234 2402 314 2484; x_wconf 87' lang='grc' dir='ltr'><strong><em>τοὺς</em></strong></span> <span class='ocrx_word' id='word_1_177' title='bbox 336 2407 473 2472; x_wconf 72' lang='lat' dir='ltr'><strong>eiciatur</strong></span> <span class='ocrx_word' id='word_1_178' title='bbox 497 2411 529 2472; x_wconf 82' lang='lat' dir='ltr'><strong>et</strong></span> <span class='ocrx_word' id='word_1_179' title='bbox 553 2401 655 2491; x_wconf 70' lang='grc' dir='ltr'><strong><em>αὐτῆς</em></strong></span> <span class='ocrx_word' id='word_1_180' title='bbox 674 2407 709 2473; x_wconf 91' lang='lat' dir='ltr'><strong>in</strong></span> <span class='ocrx_word' id='word_1_181' title='bbox 728 2401 843 2485; x_wconf 79' lang='grc' dir='ltr'><strong><em>αὑτοῖς</em></strong></span> <span class='ocrx_word' id='word_1_182' title='bbox 862 2410 914 2474; x_wconf 81' lang='lat' dir='ltr'><strong>rel</strong></span> <span class='ocrx_word' id='word_1_183' title='bbox 939 2407 1070 2486; x_wconf 79' lang='grc' dir='ltr'><strong><em>ἑαυτοῖς</em></strong></span> <span class='ocrx_word' id='word_1_184' title='bbox 1093 2415 1255 2478; x_wconf 72' lang='lat' dir='ltr'><strong>mutetur:</strong></span> <span class='ocrx_word' id='word_1_185' title='bbox 1280 2435 1314 2497; x_wconf 91' lang='lat' dir='ltr'><strong>p.</strong></span> <span class='ocrx_word' id='word_1_186' title='bbox 1346 2413 1418 2476; x_wconf 75' lang='grc'><strong>794</strong></span> 
     </span>
    </p>

    <p class='ocr_par' dir='ltr' id='par_1_5' title="bbox 235 2513 1417 2604">
     <span class='ocr_line' id='line_1_21' title="bbox 235 2513 1417 2604; baseline 0.001 -23"><span class='ocrx_word' id='word_1_187' title='bbox 235 2517 312 2602; x_wconf 73' lang='lat' dir='ltr'><strong>posi</strong></span> <span class='ocrx_word' id='word_1_188' title='bbox 333 2515 430 2598; x_wconf 84' lang='lat' dir='ltr'><strong>med,</strong></span> <span class='ocrx_word' id='word_1_189' title='bbox 452 2515 509 2580; x_wconf 92' lang='lat' dir='ltr'><strong>ubi</strong></span> <span class='ocrx_word' id='word_1_190' title='bbox 530 2537 546 2577; x_wconf 90' lang='lat' dir='ltr'><strong>c</strong></span> <span class='ocrx_word' id='word_1_191' title='bbox 567 2515 672 2580; x_wconf 81' lang='lat' dir='ltr'><strong>verbis</strong></span> <span class='ocrx_word' id='word_1_192' title='bbox 699 2517 744 2580; x_wconf 93' lang='lat' dir='ltr'><strong>sic</strong></span> <span class='ocrx_word' id='word_1_193' title='bbox 769 2515 878 2581; x_wconf 78' lang='lat' dir='ltr'><strong>editis:</strong></span> <span class='ocrx_word' id='word_1_194' title='bbox 902 2513 1046 2600; x_wconf 79' lang='grc' dir='ltr'><strong><em>πότερον</em></strong></span> <span class='ocrx_word' id='word_1_195' title='bbox 1070 2514 1107 2582; x_wconf 76' lang='lat' dir='ltr'><strong>di</strong></span> <span class='ocrx_word' id='word_1_196' title='bbox 1126 2516 1182 2583; x_wconf 74' lang='lat' dir='ltr'><strong>uui</strong></span> <span class='ocrx_word' id='word_1_197' title='bbox 1201 2515 1239 2584; x_wconf 86' lang='grc' dir='ltr'><strong>τὸ</strong></span> <span class='ocrx_word' id='word_1_198' title='bbox 1263 2525 1417 2604; x_wconf 83' lang='grc' dir='ltr'><strong><em>θυμοει-</em></strong></span> 
     </span>
    </p>

    <p class='ocr_par' dir='ltr' id='par_1_6' title="bbox 236 2617 1416 2708">
     <span class='ocr_line' id='line_1_22' title="bbox 236 2617 1416 2708; baseline 0.003 -22"><span class='ocrx_word' id='word_1_199' title='bbox 236 2618 292 2698; x_wconf 66' lang='lat' dir='ltr'><strong>ors</strong></span> <span class='ocrx_word' id='word_1_200' title='bbox 314 2619 366 2686; x_wconf 76' lang='lat' dir='ltr'><strong>urci</strong></span> <span class='ocrx_word' id='word_1_201' title='bbox 397 2617 434 2687; x_wconf 89' lang='grc' dir='ltr'><strong>τὸ</strong></span> <span class='ocrx_word' id='word_1_202' title='bbox 460 2620 703 2708; x_wconf 74' lang='grc' dir='ltr'><strong><em>ἐπιθυμητικὸν</em></strong></span> <span class='ocrx_word' id='word_1_203' title='bbox 731 2617 887 2688; x_wconf 78' lang='grc' dir='ltr'><strong><em>ιἰθιὲυατα</em></strong></span> <span class='ocrx_word' id='word_1_204' title='bbox 916 2621 1095 2708; x_wconf 77' lang='grc' dir='ltr'><strong><em>τετύχηκεν</em></strong></span> <span class='ocrx_word' id='word_1_205' title='bbox 1120 2620 1219 2694; x_wconf 83' lang='grc' dir='ltr'><strong><em>ὄντα,</em></strong></span> <span class='ocrx_word' id='word_1_206' title='bbox 1247 2623 1416 2708; x_wconf 73' lang='grc' dir='ltr'><strong><em>καθάπερ</em></strong></span> 
     </span>
    </p>

    <p class='ocr_par' dir='ltr' id='par_1_7' title="bbox 239 2723 1416 2819">
     <span class='ocr_line' id='line_1_23' title="bbox 239 2723 1416 2819; baseline 0.003 -25"><span class='ocrx_word' id='word_1_207' title='bbox 239 2723 399 2816; x_wconf 79' lang='grc' dir='ltr'><strong><em>ἡγοῦνται</em></strong></span> <span class='ocrx_word' id='word_1_208' title='bbox 427 2727 544 2796; x_wconf 83' lang='grc' dir='ltr'><strong><em>πολλοὶ</em></strong></span> <span class='ocrx_word' id='word_1_209' title='bbox 574 2731 641 2796; x_wconf 76' lang='grc' dir='ltr'><strong>τῶν</strong></span> <span class='ocrx_word' id='word_1_210' title='bbox 666 2732 909 2807; x_wconf 77' lang='grc' dir='ltr'><strong><em>Πλατωνικῶν,</em></strong></span> <span class='ocrx_word' id='word_1_211' title='bbox 939 2725 957 2816; x_wconf 80' lang='grc' dir='ltr'>ἢ</span> <span class='ocrx_word' id='word_1_212' title='bbox 988 2729 1097 2816; x_wconf 75' lang='grc' dir='ltr'><strong><em>θνητὰ</em></strong></span> <span class='ocrx_word' id='word_1_213' title='bbox 1125 2735 1251 2816; x_wconf 80' lang='grc' dir='ltr'><strong><em>κυρίως</em></strong></span> <span class='ocrx_word' id='word_1_214' title='bbox 1274 2741 1416 2819; x_wconf 68' lang='lat' dir='ltr'><strong>cippum</strong></span> 
     </span>
    </p>

    <p class='ocr_par' dir='ltr' id='par_1_8' title="bbox 238 2832 1414 2925">
     <span class='ocr_line' id='line_1_24' title="bbox 238 2832 1414 2925; baseline 0.003 -23"><span class='ocrx_word' id='word_1_215' title='bbox 238 2832 320 2902; x_wconf 74' lang='grc' dir='ltr'><strong><em>κατὲι</em></strong></span> <span class='ocrx_word' id='word_1_216' title='bbox 357 2833 500 2922; x_wconf 88' lang='grc' dir='ltr'><strong><em>Τι’μαιόν</em></strong></span> <span class='ocrx_word' id='word_1_217' title='bbox 532 2863 567 2902; x_wconf 79' lang='grc' dir='ltr'><strong>τι</strong></span> <span class='ocrx_word' id='word_1_218' title='bbox 601 2839 768 2922; x_wconf 80' lang='grc' dir='ltr'><strong><em>μᾶλλον,</em></strong></span> <span class='ocrx_word' id='word_1_219' title='bbox 801 2833 843 2904; x_wconf 80' lang='grc' dir='ltr'><strong>οὐ</strong></span> <span class='ocrx_word' id='word_1_220' title='bbox 875 2835 965 2905; x_wconf 82' lang='grc' dir='ltr'><strong><em>ιιόνυ</em></strong></span> <span class='ocrx_word' id='word_1_221' title='bbox 997 2865 1028 2904; x_wconf 87' lang='grc' dir='ltr'><strong>τι.</strong></span> <span class='ocrx_word' id='word_1_222' title='bbox 1062 2836 1229 2925; x_wconf 76' lang='grc' dir='ltr'><strong><em>χρήσιμον</em></strong></span> <span class='ocrx_word' id='word_1_223' title='bbox 1262 2867 1291 2908; x_wconf 87' lang='grc' dir='ltr'><strong>κ.</strong></span> <span class='ocrx_word' id='word_1_224' title='bbox 1320 2867 1352 2909; x_wconf 83' lang='grc' dir='ltr'><strong>τ.</strong></span> <span class='ocrx_word' id='word_1_225' title='bbox 1385 2847 1414 2906; x_wconf 84' lang='grc' dir='ltr'><strong>λ.</strong></span> 
     </span>
    </p>

    <p class='ocr_par' dir='ltr' id='par_1_9' title="bbox 239 2943 1415 3036">
     <span class='ocr_line' id='line_1_25' title="bbox 239 2943 1415 3036; baseline 0.003 -26"><span class='ocrx_word' id='word_1_226' title='bbox 239 2943 386 3010; x_wconf 85' lang='lat' dir='ltr'><strong>eiciendo</strong></span> <span class='ocrx_word' id='word_1_227' title='bbox 408 2950 483 3010; x_wconf 77' lang='lat' dir='ltr'><strong>suut</strong></span> <span class='ocrx_word' id='word_1_228' title='bbox 507 2969 536 3010; x_wconf 90' lang='grc' dir='ltr'><strong>τι</strong></span> <span class='ocrx_word' id='word_1_229' title='bbox 560 2947 703 3030; x_wconf 76' lang='grc' dir='ltr'><strong><em>μᾶλλον,</em></strong></span> <span class='ocrx_word' id='word_1_230' title='bbox 726 2947 847 3032; x_wconf 83' lang='lat' dir='ltr'><strong>quippe</strong></span> <span class='ocrx_word' id='word_1_231' title='bbox 872 2970 954 3031; x_wconf 82' lang='lat' dir='ltr'><strong>quae</strong></span> <span class='ocrx_word' id='word_1_232' title='bbox 978 2969 1093 3014; x_wconf 80' lang='lat' dir='ltr'><strong>rocem</strong></span> <span class='ocrx_word' id='word_1_233' title='bbox 1122 2951 1265 3033; x_wconf 86' lang='grc' dir='ltr'><strong><em>Τι’μιιιον</em></strong></span> <span class='ocrx_word' id='word_1_234' title='bbox 1288 2951 1415 3036; x_wconf 84' lang='lat' dir='ltr'><strong>depru-</strong></span> 
     </span>
    </p>

    <p class='ocr_par' dir='ltr' id='par_1_10' title="bbox 239 3051 1414 3138">
     <span class='ocr_line' id='line_1_26' title="bbox 239 3051 1414 3138; baseline 0.005 -22"><span class='ocrx_word' id='word_1_235' title='bbox 239 3055 317 3118; x_wconf 81' lang='lat' dir='ltr'><strong>raiu</strong></span> <span class='ocrx_word' id='word_1_236' title='bbox 338 3051 446 3118; x_wconf 85' lang='lat' dir='ltr'><strong>forma</strong></span> <span class='ocrx_word' id='word_1_237' title='bbox 468 3057 619 3137; x_wconf 69' lang='lat' dir='ltr'><strong>repetunt</strong></span> <span class='ocrx_word' id='word_1_238' title='bbox 641 3077 745 3138; x_wconf 80' lang='lat' dir='ltr'><strong>nequo</strong></span> <span class='ocrx_word' id='word_1_239' title='bbox 765 3055 799 3120; x_wconf 89' lang='lat' dir='ltr'><strong>iu</strong></span> <span class='ocrx_word' id='word_1_240' title='bbox 820 3054 854 3118; x_wconf 88' lang='lat' dir='ltr'>M</span> <span class='ocrx_word' id='word_1_241' title='bbox 878 3053 1092 3138; x_wconf 75' lang='lat' dir='ltr'><strong>reperiantur.</strong></span> <span class='ocrx_word' id='word_1_242' title='bbox 1127 3053 1297 3124; x_wconf 62' lang='lat' dir='ltr'><strong>(Ueterum</strong></span> <span class='ocrx_word' id='word_1_243' title='bbox 1322 3053 1414 3124; x_wconf 79' lang='grc' dir='ltr'><strong><em>κατὰ</em></strong></span> 
     </span>
    </p>

    <p class='ocr_par' dir='ltr' id='par_1_11' title="bbox 240 3159 1041 3246">
     <span class='ocr_line' id='line_1_27' title="bbox 240 3159 1041 3246; baseline 0.004 -20"><span class='ocrx_word' id='word_1_244' title='bbox 240 3159 309 3226; x_wconf 85' lang='grc' dir='ltr'><strong>τὸν</strong></span> <span class='ocrx_word' id='word_1_245' title='bbox 339 3163 480 3246; x_wconf 86' lang='grc' dir='ltr'><strong><em>Τίμαιον</em></strong></span> <span class='ocrx_word' id='word_1_246' title='bbox 503 3160 537 3226; x_wconf 90' lang='lat' dir='ltr'>M</span> <span class='ocrx_word' id='word_1_247' title='bbox 562 3161 709 3246; x_wconf 71' lang='lat' dir='ltr'><strong>praebet3</strong></span> <span class='ocrx_word' id='word_1_248' title='bbox 734 3162 774 3227; x_wconf 80' lang='lat' dir='ltr'><strong>cf.</strong></span> <span class='ocrx_word' id='word_1_249' title='bbox 797 3184 895 3246; x_wconf 87' lang='lat' dir='ltr'><strong>supra</strong></span> <span class='ocrx_word' id='word_1_250' title='bbox 921 3185 950 3246; x_wconf 87' lang='lat' dir='ltr'><strong>p.</strong></span> <span class='ocrx_word' id='word_1_251' title='bbox 974 3162 1041 3228; x_wconf 60' lang='lat'><strong>3551.</strong></span> 
     </span>
    </p>

    <p class='ocr_par' dir='ltr' id='par_1_12' title="bbox 242 3267 1412 4436">
     <span class='ocr_line' id='line_1_28' title="bbox 330 3267 1411 3356; baseline 0.004 -22"><span class='ocrx_word' id='word_1_252' title='bbox 330 3267 381 3334; x_wconf 87' lang='lat' dir='ltr'><strong>Ex</strong></span> <span class='ocrx_word' id='word_1_253' title='bbox 412 3269 561 3334; x_wconf 89' lang='lat' dir='ltr'><strong>omnibus</strong></span> <span class='ocrx_word' id='word_1_254' title='bbox 593 3269 695 3355; x_wconf 68' lang='lat' dir='ltr'><strong>igitur</strong></span> <span class='ocrx_word' id='word_1_255' title='bbox 722 3269 772 3334; x_wconf 88' lang='lat' dir='ltr'><strong>his</strong></span> <span class='ocrx_word' id='word_1_256' title='bbox 802 3269 959 3353; x_wconf 84' lang='lat' dir='ltr'><strong>exemplis</strong></span> <span class='ocrx_word' id='word_1_257' title='bbox 991 3275 1083 3356; x_wconf 75' lang='lat' dir='ltr'><strong>putei</strong></span> <span class='ocrx_word' id='word_1_258' title='bbox 1112 3272 1267 3338; x_wconf 72' lang='lat' dir='ltr'><strong>Aldinam</strong></span> <span class='ocrx_word' id='word_1_259' title='bbox 1298 3276 1411 3340; x_wconf 78' lang='lat' dir='ltr'><strong>mulia</strong></span> 
     </span>
     <span class='ocr_line' id='line_1_29' title="bbox 242 3375 1412 3468; baseline 0.002 -24"><span class='ocrx_word' id='word_1_260' title='bbox 242 3377 325 3444; x_wconf 79' lang='lat' dir='ltr'><strong>viiia</strong></span> <span class='ocrx_word' id='word_1_261' title='bbox 352 3375 531 3463; x_wconf 81' lang='lat' dir='ltr'><strong>singularia</strong></span> <span class='ocrx_word' id='word_1_262' title='bbox 559 3375 694 3458; x_wconf 84' lang='lat' dir='ltr'><strong>habere,</strong></span> <span class='ocrx_word' id='word_1_263' title='bbox 722 3399 806 3462; x_wconf 66' lang='lat' dir='ltr'><strong>&lt;puae</strong></span> <span class='ocrx_word' id='word_1_264' title='bbox 836 3399 855 3441; x_wconf 80' lang='lat' dir='ltr'><strong>a</strong></span> <span class='ocrx_word' id='word_1_265' title='bbox 883 3376 993 3442; x_wconf 86' lang='lat' dir='ltr'><strong>codice</strong></span> <span class='ocrx_word' id='word_1_266' title='bbox 1023 3378 1057 3444; x_wconf 90' lang='lat' dir='ltr'>M</span> <span class='ocrx_word' id='word_1_267' title='bbox 1086 3380 1220 3460; x_wconf 80' lang='lat' dir='ltr'><strong>absunt,</strong></span> <span class='ocrx_word' id='word_1_268' title='bbox 1251 3379 1292 3445; x_wconf 81' lang='lat' dir='ltr'><strong>ud</strong></span> <span class='ocrx_word' id='word_1_269' title='bbox 1323 3405 1412 3468; x_wconf 84' lang='lat' dir='ltr'><strong>quuc</strong></span> 
     </span>
     <span class='ocr_line' id='line_1_30' title="bbox 244 3485 1411 3574; baseline -0.001 -21"><span class='ocrx_word' id='word_1_270' title='bbox 244 3510 318 3554; x_wconf 88' lang='lat' dir='ltr'><strong>cum</strong></span> <span class='ocrx_word' id='word_1_271' title='bbox 347 3485 503 3552; x_wconf 75' lang='lat' dir='ltr'><strong>accedant</strong></span> <span class='ocrx_word' id='word_1_272' title='bbox 530 3485 691 3568; x_wconf 85' lang='lat' dir='ltr'><strong>permulta</strong></span> <span class='ocrx_word' id='word_1_273' title='bbox 718 3485 784 3549; x_wconf 82' lang='lat' dir='ltr'><strong>ulia</strong></span> <span class='ocrx_word' id='word_1_274' title='bbox 813 3507 887 3550; x_wconf 89' lang='lat' dir='ltr'><strong>cum</strong></span> <span class='ocrx_word' id='word_1_275' title='bbox 916 3485 1030 3550; x_wconf 85' lang='lat' dir='ltr'><strong>eodem</strong></span> <span class='ocrx_word' id='word_1_276' title='bbox 1060 3488 1262 3568; x_wconf 71' lang='lat' dir='ltr'><strong>commuuio,</strong></span> <span class='ocrx_word' id='word_1_277' title='bbox 1292 3493 1411 3574; x_wconf 77' lang='lat' dir='ltr'><strong>utpote</strong></span> 
     </span>
     <span class='ocr_line' id='line_1_31' title="bbox 243 3591 1411 3680; baseline 0.003 -22"><span class='ocrx_word' id='word_1_278' title='bbox 243 3617 326 3680; x_wconf 82' lang='lat' dir='ltr'><strong>quoe</strong></span> <span class='ocrx_word' id='word_1_279' title='bbox 359 3616 398 3660; x_wconf 82' lang='lat' dir='ltr'><strong>ex</strong></span> <span class='ocrx_word' id='word_1_280' title='bbox 431 3594 544 3660; x_wconf 89' lang='lat' dir='ltr'><strong>eodem</strong></span> <span class='ocrx_word' id='word_1_281' title='bbox 576 3593 666 3658; x_wconf 75' lang='lat' dir='ltr'><strong>fonte</strong></span> <span class='ocrx_word' id='word_1_282' title='bbox 700 3593 829 3676; x_wconf 88' lang='lat' dir='ltr'><strong>impuro</strong></span> <span class='ocrx_word' id='word_1_283' title='bbox 863 3591 982 3656; x_wconf 76' lang='lat' dir='ltr'><strong>housia</strong></span> <span class='ocrx_word' id='word_1_284' title='bbox 1015 3594 1092 3662; x_wconf 81' lang='lat' dir='ltr'><strong>sint.</strong></span> <span class='ocrx_word' id='word_1_285' title='bbox 1125 3595 1224 3660; x_wconf 81' lang='lat' dir='ltr'><strong>focile</strong></span> <span class='ocrx_word' id='word_1_286' title='bbox 1255 3598 1411 3680; x_wconf 75' lang='lat' dir='ltr'><strong>conicies.</strong></span> 
     </span>
     <span class='ocr_line' id='line_1_32' title="bbox 244 3700 1408 3789; baseline 0.002 -21"><span class='ocrx_word' id='word_1_287' title='bbox 244 3705 367 3789; x_wconf 79' lang='lat' dir='ltr'><strong>quonia</strong></span> <span class='ocrx_word' id='word_1_288' title='bbox 394 3703 469 3768; x_wconf 86' lang='lat' dir='ltr'><strong>labe</strong></span> <span class='ocrx_word' id='word_1_289' title='bbox 494 3724 703 3786; x_wconf 71' lang='lat' dir='ltr'><strong>conspersum</strong></span> <span class='ocrx_word' id='word_1_290' title='bbox 727 3703 852 3764; x_wconf 82' lang='lat' dir='ltr'><strong>teuium</strong></span> <span class='ocrx_word' id='word_1_291' title='bbox 877 3700 935 3765; x_wconf 88' lang='lat' dir='ltr'><strong>illa</strong></span> <span class='ocrx_word' id='word_1_292' title='bbox 959 3701 1139 3768; x_wconf 72' lang='lat' dir='ltr'><strong>editoribus</strong></span> <span class='ocrx_word' id='word_1_293' title='bbox 1169 3703 1408 3787; x_wconf 81' lang='lat' dir='ltr'><strong>posierioribus</strong></span> 
     </span>
     <span class='ocr_line' id='line_1_33' title="bbox 245 3807 1409 3899; baseline -0.001 -23"><span class='ocrx_word' id='word_1_294' title='bbox 245 3810 426 3877; x_wconf 76' lang='lat' dir='ltr'><strong>tradiderit.</strong></span> <span class='ocrx_word' id='word_1_295' title='bbox 468 3809 529 3887; x_wconf 83' lang='lat' dir='ltr'><strong>Qui</strong></span> <span class='ocrx_word' id='word_1_296' title='bbox 558 3809 585 3874; x_wconf 84' lang='lat' dir='ltr'><strong>si</strong></span> <span class='ocrx_word' id='word_1_297' title='bbox 610 3809 773 3874; x_wconf 84' lang='lat' dir='ltr'><strong>codicibus</strong></span> <span class='ocrx_word' id='word_1_298' title='bbox 800 3807 850 3872; x_wconf 85' lang='lat' dir='ltr'><strong>usi</strong></span> <span class='ocrx_word' id='word_1_299' title='bbox 874 3813 994 3877; x_wconf 74' lang='lat' dir='ltr'><strong>esseut.</strong></span> <span class='ocrx_word' id='word_1_300' title='bbox 1022 3811 1078 3894; x_wconf 90' lang='lat' dir='ltr'><strong>qui</strong></span> <span class='ocrx_word' id='word_1_301' title='bbox 1103 3809 1183 3876; x_wconf 89' lang='lat' dir='ltr'><strong>olim</strong></span> <span class='ocrx_word' id='word_1_302' title='bbox 1212 3815 1245 3873; x_wconf 82' lang='lat' dir='ltr'><strong>et</strong></span> <span class='ocrx_word' id='word_1_303' title='bbox 1273 3811 1409 3899; x_wconf 78' lang='lat' dir='ltr'><strong>iutegri-</strong></span> 
     </span>
     <span class='ocr_line' id='line_1_34' title="bbox 246 3914 1407 4003; baseline 0.002 -18"><span class='ocrx_word' id='word_1_304' title='bbox 246 3940 318 3986; x_wconf 89' lang='lat' dir='ltr'><strong>ores</strong></span> <span class='ocrx_word' id='word_1_305' title='bbox 346 3923 490 3984; x_wconf 83' lang='lat' dir='ltr'><strong>cericei</strong></span> <span class='ocrx_word' id='word_1_306' title='bbox 517 3917 625 4003; x_wconf 75' lang='lat' dir='ltr'><strong>plures</strong></span> <span class='ocrx_word' id='word_1_307' title='bbox 650 3923 742 3980; x_wconf 80' lang='lat' dir='ltr'><strong>erunt</strong></span> <span class='ocrx_word' id='word_1_308' title='bbox 766 3939 864 4000; x_wconf 80' lang='lat' dir='ltr'><strong>quom</strong></span> <span class='ocrx_word' id='word_1_309' title='bbox 889 3914 999 3986; x_wconf 82' lang='lat' dir='ltr'><strong>hodie.</strong></span> <span class='ocrx_word' id='word_1_310' title='bbox 1027 3921 1058 3982; x_wconf 77' lang='lat' dir='ltr'><strong>ei</strong></span> <span class='ocrx_word' id='word_1_311' title='bbox 1088 3918 1265 4002; x_wconf 71' lang='lat' dir='ltr'><strong>scripturus</strong></span> <span class='ocrx_word' id='word_1_312' title='bbox 1294 3941 1407 3986; x_wconf 87' lang='lat' dir='ltr'><strong>corum</strong></span> 
     </span>
     <span class='ocr_line' id='line_1_35' title="bbox 248 4024 1406 4113; baseline 0.002 -21"><span class='ocrx_word' id='word_1_313' title='bbox 248 4027 343 4113; x_wconf 83' lang='lat' dir='ltr'><strong>plene</strong></span> <span class='ocrx_word' id='word_1_314' title='bbox 367 4049 403 4092; x_wconf 85' lang='lat' dir='ltr'><strong>uc</strong></span> <span class='ocrx_word' id='word_1_315' title='bbox 428 4027 567 4092; x_wconf 80' lang='lat' dir='ltr'><strong>fideliier</strong></span> <span class='ocrx_word' id='word_1_316' title='bbox 591 4028 791 4093; x_wconf 69' lang='lat' dir='ltr'><strong>circuissent..</strong></span> <span class='ocrx_word' id='word_1_317' title='bbox 816 4025 932 4088; x_wconf 68' lang='lat' dir='ltr'><strong>iuueni</strong></span> <span class='ocrx_word' id='word_1_318' title='bbox 957 4024 1047 4105; x_wconf 80' lang='lat' dir='ltr'><strong>libri,</strong></span> <span class='ocrx_word' id='word_1_319' title='bbox 1076 4025 1255 4108; x_wconf 81' lang='lat' dir='ltr'><strong>dequibus</strong></span> <span class='ocrx_word' id='word_1_320' title='bbox 1281 4031 1406 4112; x_wconf 83' lang='lat' dir='ltr'><strong>quoeri-</strong></span> 
     </span>
     <span class='ocr_line' id='line_1_36' title="bbox 250 4131 1405 4218; baseline 0 -18"><span class='ocrx_word' id='word_1_321' title='bbox 250 4157 333 4218; x_wconf 86' lang='lat' dir='ltr'><strong>mus,</strong></span> <span class='ocrx_word' id='word_1_322' title='bbox 367 4133 406 4198; x_wconf 82' lang='lat' dir='ltr'><strong>ud</strong></span> <span class='ocrx_word' id='word_1_323' title='bbox 439 4157 497 4200; x_wconf 86' lang='lat' dir='ltr'><strong>uos</strong></span> <span class='ocrx_word' id='word_1_324' title='bbox 531 4135 634 4200; x_wconf 85' lang='lat' dir='ltr'><strong>multo</strong></span> <span class='ocrx_word' id='word_1_325' title='bbox 670 4133 892 4217; x_wconf 78' lang='lat' dir='ltr'><strong>pervenissent</strong></span> <span class='ocrx_word' id='word_1_326' title='bbox 925 4132 1173 4198; x_wconf 77' lang='lat' dir='ltr'><strong>emendatiores.</strong></span> <span class='ocrx_word' id='word_1_327' title='bbox 1229 4131 1292 4198; x_wconf 78' lang='lat' dir='ltr'><strong>Sed</strong></span> <span class='ocrx_word' id='word_1_328' title='bbox 1325 4135 1405 4202; x_wconf 88' lang='lat' dir='ltr'><strong>nihii</strong></span> 
     </span>
     <span class='ocr_line' id='line_1_37' title="bbox 250 4237 1404 4324; baseline -0.001 -14"><span class='ocrx_word' id='word_1_329' title='bbox 250 4241 367 4310; x_wconf 87' lang='lat' dir='ltr'><strong>horum</strong></span> <span class='ocrx_word' id='word_1_330' title='bbox 404 4243 527 4308; x_wconf 80' lang='lat' dir='ltr'><strong>fuctum</strong></span> <span class='ocrx_word' id='word_1_331' title='bbox 565 4247 622 4306; x_wconf 80' lang='lat' dir='ltr'><strong>est.</strong></span> <span class='ocrx_word' id='word_1_332' title='bbox 682 4239 769 4306; x_wconf 78' lang='lat' dir='ltr'><strong>Num</strong></span> <span class='ocrx_word' id='word_1_333' title='bbox 806 4241 982 4306; x_wconf 78' lang='lat' dir='ltr'><strong>edicionem</strong></span> <span class='ocrx_word' id='word_1_334' title='bbox 1020 4239 1231 4306; x_wconf 75' lang='lat' dir='ltr'><strong>Iiusdrcuscm</strong></span> <span class='ocrx_word' id='word_1_335' title='bbox 1268 4237 1326 4324; x_wconf 70' lang='lat' dir='ltr'><strong>(Bi</strong></span> <span class='ocrx_word' id='word_1_336' title='bbox 1361 4243 1404 4308; x_wconf 82' lang='lat' dir='ltr'><strong>iia</strong></span> 
     </span>
     <span class='ocr_line' id='line_1_38' title="bbox 252 4349 1404 4436; baseline -0.003 -16"><span class='ocrx_word' id='word_1_337' title='bbox 252 4350 382 4420; x_wconf 75' lang='lat' dir='ltr'><strong>duxisse</strong></span> <span class='ocrx_word' id='word_1_338' title='bbox 403 4375 441 4418; x_wconf 81' lang='lat' dir='ltr'><strong>cu</strong></span> <span class='ocrx_word' id='word_1_339' title='bbox 463 4351 580 4418; x_wconf 69' lang='lat' dir='ltr'><strong>Aldina</strong></span> <span class='ocrx_word' id='word_1_340' title='bbox 606 4353 744 4434; x_wconf 70' lang='lat' dir='ltr'><strong>condar,</strong></span> <span class='ocrx_word' id='word_1_341' title='bbox 771 4353 806 4416; x_wconf 78' lang='lat' dir='ltr'><strong>ut</strong></span> <span class='ocrx_word' id='word_1_342' title='bbox 831 4349 899 4414; x_wconf 85' lang='lat' dir='ltr'><strong>cius</strong></span> <span class='ocrx_word' id='word_1_343' title='bbox 919 4349 1060 4414; x_wconf 71' lang='lat' dir='ltr'><strong>editores</strong></span> <span class='ocrx_word' id='word_1_344' title='bbox 1089 4372 1128 4414; x_wconf 82' lang='lat' dir='ltr'><strong>eu</strong></span> <span class='ocrx_word' id='word_1_345' title='bbox 1157 4349 1291 4436; x_wconf 79' lang='lat' dir='ltr'><strong>ingenio</strong></span> <span class='ocrx_word' id='word_1_346' title='bbox 1318 4350 1404 4419; x_wconf 88' lang='lat' dir='ltr'><strong>nullo</strong></span> 
     </span>
    </p>
   </div>
   <div class='ocr_carea' id='block_1_3' title="bbox 0 0 1518 5008">
    <p class='ocr_par' dir='ltr' id='par_1_13' title="bbox 0 0 1518 5008">
     <span class='ocr_line' id='line_1_39' title="bbox 0 0 1518 5008; baseline 0 0"><span class='ocrx_word' id='word_1_347' title='bbox 0 0 1518 5008; x_wconf 95' lang='lat' dir='ltr'><strong> </strong></span> 
     </span>
    </p>
   </div>
  </div>
 </body>
</html>
