2976 5028
666 303 823 370 -328
870 340 913 352 -

210 461 293 532 ὅταν
325 463 363 534 dl
395 465 519 543 ίιιανῶς
553 459 615 550 ἤδη
648 460 689 531 τά
721 460 804 530 κατά
835 459 899 549 την
931 461 1075 550 άσκησιν
1107 459 1197 553 αὐτῷ
1225 459 1398 550 προήκη,

142 590 393 660 assequentium
420 567 630 658 ἀφικόμενον
654 568 701 659 l’
685 567 737 655 εφ’
764 571 906 638 ἕκαστον
935 573 1003 639 τῶν
1030 568 1281 658 προβλημάτων
1311 570 1398 638 ἐπι-

210 681 411 750 σκέπτεσθαι
430 679 504 765 περὶ
524 682 592 746 τῶν
610 676 709 758 είς
675 705 735 758 τας
752 673 887 746 άποὸει
872 705 938 760 ,εις
955 676 1062 748 αὐτοῦ
1080 675 1278 765 λημμάτων,
1301 682 1397 744 τίνα

209 787 272 877 μὲν
295 788 328 869 ἐξ
351 785 542 874 αἰσθήσεως
560 782 678 872 ἁπλῆς,
700 792 777 854 τίνα
796 784 891 867 dli„
915 787 1084 874 ἐμπειρίας
1109 783 1180 873 ἤτοι
1204 786 1266 870 της
1290 785 1396 852 κατὰ

181 893 271 965 ιτὸν
292 899 371 980 βίον
393 890 414 982 ἢ
433 897 492 981 της
509 891 593 960 κατὰ
610 891 669 974 τάς
691 895 820 980 τέχνας,
843 901 919 962 τίνα
938 895 975 964 bt
995 895 1032 962 ἐκ
1053 897 1123 962 τῶν
1139 890 1224 979 πρὸς
1249 887 1397 980 νόησιν

211 1003 365 1090 ἐναργῶν
387 999 449 1089 χρὴ
474 999 621 1086 λαβόντα
645 1007 818 1088 περιιίνειν
842 1003 876 1084 ἐξ
904 997 1018 1070 αὐτῶν
1042 999 1107 1089 ἤδη
1136 997 1173 1082 ab
1197 1007 1399 1088 προκείμε·

126 1175 132 1183 .
208 1137 283 1180 νον.
328 1113 360 1180 εί
380 1107 508 1196 ταύτην
533 1106 597 1196 τὴν
624 1105 709 1176 ὁὸὸν
737 1104 755 1176 ὁ
779 1108 976 1194 Χρύσιππος
1002 1107 1159 1196 ἐτράπετο
1187 1109 1397 1192 παρελθὼν

210 1216 274 1306 τὴν
295 1215 378 1286 κατά
397 1214 477 1296 τοὺς
499 1216 634 1304 μύθους
656 1242 690 1286 τε
713 1217 768 1284 καὶ
792 1214 851 1298 τὰς
873 1218 1091 1305 ἐτυμολογίας
1114 1212 1325 1296 άνανεάσεις
1354 1243 1395 1284 τε

210 1326 267 1395 καὶ
298 1324 514 1404 κατανεύσεις
550 1328 696 1412 κεφαλῆς
731 1325 787 1392 καί
819 1328 942 1412 χειρῶν
977 1323 1126 1413 κινήσεις
1157 1323 1212 1392 καὶ
1251 1327 1397 1410 χειλῶν

170 1459 197 1498 ιο
211 1432 362 1523 σχήματα
385 1432 440 1501 καί
464 1433 615 1519 ποιητῶν
636 1438 821 1519 μαρτυρίας
843 1430 911 1520 άμα
931 1431 1063 1519 γυναιξί
1085 1431 1141 1500 καί
1165 1446 1235 1510 τοῖς
1259 1428 1396 1513 ἄλλοις

212 1537 372 1624 ίδιῶταις,
396 1535 498 1619 αὐτὸς
520 1533 564 1606 dv
586 1537 717 1626 eburone
738 1535 881 1626 τάληθὲς
904 1537 1000 1628 ἡμῶν
1023 1565 1056 1607 τε
1079 1536 1141 1608 τὸν
1159 1537 1289 1626 χρόνον
1318 1535 1395 1609 οὐκ

211 1644 255 1716 ἂν
284 1643 460 1716 άπῶλλνεν
488 1646 751 1715 ἐπιδεικνύντων
779 1644 885 1716 αὐτὸν
911 1647 997 1736 μηὸἐ
1024 1649 1063 1716 ἐν
1091 1641 1142 1726 οἷς
1170 1646 1394 1717 ἐπικαλεῖται

211 1753 371 1844 μάρτυσι,
408 1754 492 1842 μηδὲ
526 1755 563 1822 ἐν
595 1752 728 1834 τούτοις
762 1781 793 1822 τι
826 1756 930 1824 πλέον
963 1761 1091 1843 ἔχοντα.
1150 1753 1205 1822 καὶ
1239 1751 1312 1840 γάρ
1354 1761 1398 1826 οί

212 1862 346 1950 ποιηταὶ
369 1859 410 1930 τά
433 1867 536 1931 πλείω
559 1860 642 1930 κατά
664 1865 733 1930 τῶν
758 1862 937 1949 δογμάτων
962 1860 1070 1933 αὐτοῦ
1094 1864 1231 1948 λέγουσι
1254 1861 1317 1930 καὶ
1353 1868 1397 1932 οί

173 1995 198 2034 n
212 1973 320 2058 μῦθοι
342 1970 401 2038 καὶ·
422 1973 458 2038 ot
479 1973 611 2038 idicirco
633 1969 689 2037 καί
713 1972 781 2038 τῶν
804 1967 918 2039 άλλων
940 1971 1090 2058 ἕκαστος,
1113 1964 1174 2048 οὓς
1196 1965 1242 2050 ῶς
1266 1968 1391 2062 ἐαυτῷ

212 2081 468 2165 μαρτυροῦντας
500 2079 538 2146 ἐν
569 2081 614 2168 τῶ
647 2078 797 2168 προτέρῳ
830 2079 905 2164 περὶ
941 2081 1049 2166 ψυχῆς
1081 2081 1214 2164 ε”γριιυεΙ
1269 2078 1392 2146 ταῦτά

213 2187 316 2272 ἐστιν,
338 2181 359 2252 ά
381 2191 635 2274 πιιρελελοίπειν
658 2181 722 2270 ἐγῶ
751 2182 834 2252 κατά
861 2183 899 2253 τὸ
924 2183 989 2274 πρὸ
1019 2184 1143 2254 τούτου
1165 2187 1304 2270 βιβλίον
1333 2178 1392 2256 ῶν

251 2409 264 2456 1
292 2398 398 2463 ίιιανῶς
422 2395 477 2470 ἤδη
506 2395 636 2456 Man
622 2419 641 2454 ι.
662 2401 732 2486 loq
738 2397 818 2455 ΟΚΚ.
848 2431 880 2442 -
909 2395 1048 2470 προήκειν
1071 2397 1239 2456 MABChK
1262 2419 1302 2470 πρ
1286 2399 1391 2488 ροήιιη

213 2490 278 2541 νοις
301 2471 336 2527 ci
355 2471 441 2527 Proll
460 2491 488 2544 p.
501 2478 623 2560 109.-
651 2481 680 2527 11
702 2465 833 2552 ευριόκετ
837 2467 1128 2543 ’άληθλςΜΑΒΟλι
1152 2465 1263 2539 εὕρισκε
1291 2469 1390 2543 τάλη-

213 2543 381 2607 obeK—
409 2550 442 2598 12
471 2538 549 2598 αίτῶ
575 2543 655 2598 codd.
682 2543 745 2598 edd.
769 2538 859 2599 αὐτὸν
884 2561 1000 2600 uos.—-
1032 2551 1065 2600 13
1089 2542 1183 2614 ἐχουτι
1206 2541 1289 2600 codd.
1314 2547 1389 2603 edd

214 2616 316 2686 ἔχοντα
335 2633 448 2671 nos-
416 2621 504 2670 -14
522 2611 557 2670 τά
578 2617 664 2672 πλείω
683 2610 719 2670 τά
738 2612 811 2670 κατά
831 2615 868 2672 M.
889 2645 923 2658 -

213 2755 429 2768 m

214 2835 442 2924 quaestionum
473 2835 705 2900 tractationem
736 2833 943 2900 accedentem
976 2835 1192 2918 susurronum,
1223 2855 1309 2921 qnae
1348 2839 1389 2906 in

214 2944 527 3011 demonstrationem
552 2941 755 3010 adhibendae
775 2947 893 3028 essent,
917 2941 1079 3010 delectum
1096 2941 1219 3010 habere
1238 2963 1277 3008 ac
1301 2965 1388 3012 con·

215 3051 373 3136 siderare,
396 3053 593 3139 quibusnam
616 3073 636 3116 a
659 3052 730 3118 solo
755 3073 852 3118 sensu
876 3051 1036 3138 quibusve
1059 3051 1102 3118 ab
1125 3073 1188 3117 usu
1211 3051 1263 3116 rel
1288 3051 1387 3120 vitae

215 3159 268 3226 uel
301 3159 440 3246 artium,
472 3158 590 3246 quibus
628 3159 729 3226 etiarn
769 3182 788 3225 a
824 3159 923 3226 rebus
955 3157 1138 3228 intellectui
1170 3158 1386 3228 evidentibus

216 3267 330 3353 petitis
354 3267 483 3334 efficere
507 3266 583 3352 iam,
606 3266 693 3353 quod
715 3269 923 3354 propositum
942 3270 1038 3352 esset,
1061 3287 1243 3353 possemus.
1279 3265 1385 3338 Hanc

215 3375 304 3441 viam
328 3375 356 3440 si
380 3372 585 3460 Chrysippus
610 3376 777 3461 ingressus
800 3373 920 3441 fuisset
942 3373 1074 3442 omissis
1102 3374 1226 3442 fabulis
1249 3379 1285 3441 et
1307 3383 1385 3464 ety-

215 3481 370 3570 mologiis
394 3505 433 3549 ao
455 3483 591 3549 nutibus
614 3484 850 3570 renutibusque
873 3483 992 3569 capitis
1017 3486 1051 3550 et
1077 3505 1234 3549 manuum
1258 3486 1387 3552 motio·

215 3589 312 3657 nibus
334 3589 568 3676 labrorumque
592 3591 707 3678 figun‘s
732 3613 770 3658 ao
793 3595 967 3676 poetarum
990 3589 1190 3658 testimoniis
1214 3612 1385 3660 unacum

216 3697 418 3766 mulierculis
449 3699 586 3785 aliisquo
616 3699 850 3786 insipientibus
857 3751 867 3784 ,
895 3703 928 3764 at
955 3699 1026 3784 ipse
1055 3720 1169 3764 verum
1197 3698 1385 3768 invenisset

217 3809 251 3871 et
272 3805 370 3872 nobis
398 3809 527 3893 tempus
554 3829 623 3876 non
650 3809 864 3893 suuipuisset
887 3806 1135 3875 ostendentibus
1163 3827 1239 3873 enm
1264 3827 1307 3872 ne
1337 3807 1384 3876 iis

216 3912 357 4000 quidem,
376 3936 457 4000 quos
477 3915 568 4000 citat,
592 3916 732 3982 testibus
752 3916 929 4002 quidquam
949 3916 1116 4000 prolicere.
1152 3911 1240 3980 Nam
1259 3919 1383 3999 poetae

217 4021 373 4107 pleraque
402 4026 516 4089 contra
547 4023 617 4090 eius
641 4023 771 4090 ‹leoreta
795 4025 908 4091 dicunt
930 4027 965 4089 et
986 4021 1118 4090 fabulae
1146 4027 1179 4088 et
1201 4022 1321 4110 vulgus
1348 4031 1385 4092 et

217 4128 274 4196 alii
298 4129 430 4217 singuli,
453 4153 536 4216 quos
559 4131 654 4216 quasi
677 4133 742 4198 sibi
766 4131 1006 4216 adstipulantes
1031 4131 1066 4198 iu
1093 4129 1202 4216 priore
1226 4129 1314 4199 libro
1339 4133 1382 4198 de

218 4236 330 4304 anima
357 4237 479 4304 attrdit.
535 4237 625 4305 Haeo
654 4243 732 4306 sunt
759 4237 997 4326 aChrysippo
1025 4239 1059 4306 in
1087 4238 1311 4324 disputatione
1339 4239 1382 4306 de

219 4345 349 4412 animae
367 4345 555 4432 principatu
574 4347 708 4434 scripta,
730 4369 813 4433 quae
832 4369 871 4414 eo
891 4333 1028 4414 oonsilio
1052 4349 1087 4414 in
1105 4347 1273 4431 superiore
1292 4346 1381 4416 libro
