2978 5030
687 257 931 322 ..664-

229 422 330 491 τιάλιν
357 425 406 500 είς
436 417 495 498 τάς
522 415 691 502 συλλαβάς
718 417 868 500 τέμνεται
897 411 949 479 καὶ
980 412 1048 476 τῶν
1075 411 1263 494 συλλαβῶν
1294 398 1394 486 αὖθις

230 529 349 615 ἑκάστη
373 533 540 614 διαίρεσιν
563 529 610 603 είς
633 522 838 608 τὰστοιχεῖα
860 515 1032 606 λαμβάνει.
1072 519 1129 602 της
1148 519 1238 600 γοῦν
1259 513 1394 600 τερείνης

230 637 398 720 συλλαβῆς
419 636 479 720 της
500 637 542 714 μη
568 632 786 717 συγκειμένης
814 631 850 696 ἐκ
877 633 977 696 ὁνοῐν
1000 628 1176 710 στοιχείων
1205 619 1394 708 ον’·ὴίτερον

229 738 342 810 αὐτῶν
378 745 426 821 είς
466 736 569 818 draca·
611 737 733 806 ἑαυτοῦ
774 735 891 822 φωνάς
930 732 1086 810 ἐλάττους
1122 729 1272 798 advorsa
1318 759 1395 818 τμη-

202 852 334 937 εθηναι
359 849 412 915 καί
438 845 494 914 orb
517 848 616 914 τοῦτο
645 845 708 932 τὴν
730 844 772 906 aa
803 841 925 930 φωνην
948 842 1125 927 ἐλαχίστην
1148 864 1182 905 τε
1205 841 1267 906 καὶ
1294 837 1393 926 ἄτμη-

229 983 290 1026 τον
317 953 408 1024 εἷναί
433 980 560 1042 φαμεν,
587 949 633 1031 ὠς
659 953 712 1020 καί
741 950 802 1019 τὸν
827 956 945 1018 Δίωνα
973 955 1088 1015 καλεῖν
1115 951 1196 1024 ε’θος
1223 947 1301 1014 ε’στί
1328 965 1396 1026 τοῖς

229 1061 431 1150 φιλοσόφοις
454 1059 581 1148 άτομον
605 1056 734 1128 οὐσίαν.
781 1057 868 1126 οὕτω
897 1057 933 1124 ὁὶ
962 1054 1016 1122 καὶ
1046 1053 1151 1140 λόγον
1173 1051 1396 1140 βραχύτατον

230 1179 363 1257 εἴρηκεν
390 1165 409 1237 ὁ
438 1167 583 1236 Πλάτων
611 1165 672 1234 τὸν
701 1171 921 1252 συγκείμενον
948 1165 982 1244 ἐξ
1010 1159 1175 1248 ὀνόματος
1196 1161 1254 1228 καί
1290 1161 1395 1248 ῥιῖμιι·

203 1301 304 1360 στος,
327 1272 373 1354 ὡς
395 1273 498 1360 λόγον
522 1270 679 1360 δηλονότι
709 1277 821 1340 καλῶν
848 1271 1058 1359 βραχύτατον
1085 1264 1199 1334 αὐτόν.
1246 1269 1396 1335 ἕκαστον

165 1405 223 1460 (aaa
233 1382 297 1470 γάρ
320 1385 389 1450 τῶν
411 1379 493 1448 κατά
513 1377 602 1459 είὸος
621 1381 626 1470 l
647 1382 838 1467 λεγομένων
861 1407 894 1447 τε
919 1379 972 1446 καί
996 1377 1202 1464 νοουμένων.
1225 1373 1318 1444 ὅταν
1336 1406 1393 1464 μη-

230 1490 298 1558 κέτι
317 1493 419 1578 χωρῇ·
427 1486 543 1574 τομίγνΙ
553 1493 600 1566 είς
619 1491 690 1573 είὸη
714 1493 829 1571 πλείω,
847 1502 917 1566 τοῖς
935 1483 1102 1564 τοιούτοις
1120 1480 1266 1570 ὀνόμασι
1289 1505 1393 1572 προσ

230 1595 454 1684 αγορεάομεν,
476 1593 701 1682 βραχύτατον,
725 1592 888 1682 άτμητον,
911 1607 1086 1679 στοιχεῖον.
1132 1593 1206 1678 περὶ
1228 1591 1299 1678 μὲν
1332 1583 1393 1660 οὖν

231 1707 293 1773 τοῦ
320 1718 486 1790 στοιχεῖον
513 1699 678 1788 ὀνόματος
705 1701 788 1770 ὅλον
820 1707 904 1788 ἔχεις
931 1701 1165 1787 γεγραμμένον
1192 1704 1336 1784 βιβλίον
1358 1701 1393 1766 ἐν

230 1815 270 1901 τῇ
299 1813 366 1878 τῶν
395 1812 555 1895 ἰατρικῶν
582 1807 758 1896 ὀνομάτων
785 1813 1002 1896 πραγματείᾳ.
1050 1806 1124 1892 περὶ
1154 1805 1190 1873 dl
1219 1810 1281 1890 τῆς
1310 1805 1392 1873 κατά

194 1919 374 2005 ιεμίγεθος
396 1920 498 2005 τομης
525 1919 593 1984 τῶν
620 1917 784 2003 σωμάτων
811 1917 1027 1984 ε’τιιδίὸεικται
1057 1929 1127 1995 τοῖς
1155 1929 1392 2002 γεωμετρικοῖς

231 2023 399 2112 άνὸράσιν
417 2022 463 2103 ὦς
482 2021 640 2093 οὐὸεἰιοτε
661 2027 778 2110 στῆναι
799 2024 1000 2110 σνναμένης,
1018 2019 1102 2090 άλλίι
1121 2019 1171 2090 ciel
1191 2026 1254 2090 τοῦ
1273 2050 1391 2109 renio

232 2133 337 2220 με’νοι·
361 2132 579 2220 σμικρότερον
608 2132 730 2200 εἰιντοί·
752 2130 783 2200 ti
818 2133 961 2218 μέγεθος
983 2136 1127 2218 ἔχοντος.
1171 2127 1390 2218 άπολειττομὲ·

268 2338 285 2386 3
305 2331 355 2398 τῆς
373 2327 411 2400 μὴ
432 2330 520 2384 Man
544 2330 594 2396 ”is
613 2349 650 2397 μη
669 2327 741 2399 Cbli
766 2329 807 2395 iit.
827 2347 853 2383 v.
869 2333 905 2396 5).
925 2360 957 2370 -
983 2327 1168 2398 ονγγειμένης
1186 2327 1225 2383 bl.
1245 2359 1280 2370 -
1305 2335 1323 2384 8
1342 2325 1389 2396 ὅτ

233 2423 309 2474 ματα
333 2403 371 2458 Μ.
393 2433 429 2444 -
454 2397 581 2470 θλόγων
605 2401 642 2455 n.
665 2431 701 2440 -
724 2401 816 2464 καλῶς
840 2401 875 2455 A.
899 2430 930 2440 -
957 2405 990 2456 12
1009 2405 1138 2470 οτοχείον
1156 2399 1193 2454 n.
1217 2431 1249 2442 -
1280 2409 1314 2456 16
1334 2399 1389 2454 αιέί

233 2474 313 2530 codd.
333 2474 395 2530 edd
415 2468 539 2528 deliros.
561 2505 591 2512 -

234 2675 331 2758 ditur,
346 2674 494 2760 syllabae
509 2695 621 2738 rursus
637 2673 669 2738 in
685 2672 847 2760 elementa
861 2673 1054 2740 divisionem
1069 2673 1241 2759 recipiunt.
1280 2676 1387 2742 Prima

234 2781 363 2868 quidem
389 2781 515 2866 syllaba
539 2781 551 2845 i
575 2803 638 2846 uno
663 2785 791 2846 constat
817 2781 988 2866 elemento,
1011 2804 1082 2846 ram
1106 2781 1227 2868 tribus,
1249 2807 1387 2870 quorum

233 2889 359 2955 nullum
376 2889 408 2953 in
424 2888 506 2954 alias
522 2888 664 2952 minores
675 2911 769 2954 voces
785 2889 884 2954 dividi
901 2895 1020 2974 potest,
1034 2912 1072 2955 ao
1087 2895 1260 2976 propterea
1276 2915 1385 2958 vocem

234 2997 246 3061 i
274 2995 445 3060 minimam
474 3001 504 3060 et
536 2995 735 3061 individuam
767 3019 838 3060 osse
867 2996 1020 3082 dicimus,
1047 2999 1132 3063 sieut
1156 2997 1254 3064 etiam
1284 2999 1386 3086 philo

235 3101 348 3188 sophis
378 3126 449 3168 mos
478 3109 528 3168 est
555 3103 694 3168 Dionem
727 3103 928 3169 individuum
965 3105 1184 3170 substantiam
1213 3109 1386 3192 appellare.

235 3209 289 3276 Sic
313 3211 645 3296 quoqueorationem
670 3211 898 3278 brevissimam
923 3212 1018 3278 Plato
1042 3235 1113 3277 eam
1139 3215 1284 3298 voravit,
1307 3237 1386 3301 quae

235 3341 252 3384 e
280 3319 412 3385 nomine
437 3323 470 3382 et
498 3319 597 3384 verbo
631 3325 808 3404 constaret,
842 3321 1024 3386 orationem
1058 3321 1198 3404 seilicet,
1230 3329 1386 3408 quatenus

235 3427 343 3492 oratio
367 3431 426 3510 est,
450 3427 677 3491 brevissimam
702 3427 881 3511 apliellans.
922 3426 1009 3492 Nam
1029 3427 1202 3514 unicnique
1226 3430 1284 3511 rei,
1307 3453 1386 3516 quae

235 3555 275 3598 ex
292 3533 407 3626 ‘specio
431 3537 464 3598 et
487 3534 606 3598 dieitur
630 3539 662 3598 et
687 3533 899 3620 intellegitur,
922 3559 996 3601 cnm
1019 3557 1086 3600 non
1109 3535 1251 3622 atriplius
1275 3539 1385 3602 sectio·

235 3663 309 3706 uem
334 3639 368 3706 in
392 3640 501 3725 plnres
526 3643 649 3724 speeies
674 3642 833 3715 admittit,
857 3643 938 3708 haec
960 3643 1093 3708 nomino
1115 3643 1331 3728 imponimus.
1354 3660 1386 3708 nt

236 3747 480 3832 brevissimam,
512 3747 725 3832 individuam,
754 3749 949 3816 elementum
978 3773 1048 3814 esse
1076 3749 1232 3816 dieamus.
1280 3753 1326 3816 ,lc
1349 3752 1385 3816 do

236 3854 388 3920 elementi
418 3856 576 3921 vocabulo
609 3857 772 3941 integrum
801 3857 902 3922 babos
931 3859 1051 3922 librum
1080 3881 1099 3922 a
1126 3859 1222 3924 nobis
1252 3861 1386 3926 consori-

236 3968 329 4048 ptum
349 3962 383 4026 in
402 3984 499 4046 opere
518 3962 556 4026 de
576 3964 763 4028 nominibus
783 3965 1040 4030 medicinalibus.
1077 3969 1261 4051 Corporum
1280 3974 1385 4032 autem

236 4069 413 4135 secuudum
428 4071 686 4156 magnitudinem
705 4071 899 4138 divisionem
914 4084 1102 4160 geometrae
1121 4073 1299 4140 docuerimt
1313 4097 1386 4140 con·

236 4177 351 4242 sistere
375 4199 440 4242 non
465 4200 574 4262 posse,
602 4178 657 4243 sod
682 4179 728 4260 in,
755 4181 840 4264 qnod
865 4185 1042 4257 secaretur,
1071 4181 1229 4248 minorem
1254 4184 1384 4249 subinde

239 4285 497 4372 magnitudinem
521 4285 667 4372 adipisci.
705 4286 866 4364 Quoniam
891 4294 999 4354 antem
1024 4289 1094 4356 sola
1118 4291 1293 4356 secuudum
1317 4313 1384 4374 sla»
