3018 5036
700 311 947 378 -rssu-

242 475 352 542 ‘dolor
376 471 495 552 τελέως
519 468 722 556 ὑπερβάντες
749 467 789 538 τὰ
813 468 939 556 ἄρθρα·
977 473 1085 536 καίτοι
1124 471 1266 555 depictae
1298 469 1330 546 ές
1358 465 1394 534 τὸ

241 579 489 667 επεριγενέσθαι
522 581 591 648 τῶν
625 581 860 664 ὀεαστροφέωυ
885 578 1011 664 ταύτην
1039 581 1122 644 ε”νιοε
1152 585 1320 662 νομίζουσι
1346 575 1392 642 ποῖ

241 793 293 862 ’τὰ
330 797 479 863 τοιαῦτα.
537 790 717 880 ἀγνοεόυσι
756 793 791 862 σὲ
829 795 945 862 πολλοὶ
985 795 1039 860 καὶ
1076 797 1310 874 κερὸσίνουσι,
1350 791 1391 858 ἴοι

211 898 444 989 ε’ἆγνοεόυσι·
481 907 639 970 πείθουσι
677 900 742 990 γὰρ
771 899 850 982 τοὺς
876 905 993 986 τέλος,
1026 899 1253 980 ἐξαπατῶνται
1284 899 1320 967 a}
1345 901 1394 968 dri<

239 1009 341 1078 ‘uide'
371 1019 500 1078 οἴονται
532 1006 595 1097 τὴν
624 1007 782 1077 ἄκανθαν
816 1010 877 1096 τὴν
902 1013 1081 1096 ἐξέχουσαν
1105 1007 1186 1074 κοτέ(
1210 1007 1276 1094 τὴν
1299 1009 1393 1094 ῥάχιν

238 1118 377 1206 ’ταύτην
394 1115 475 1198 τοὺς
493 1115 705 1196 σπονὸύλονς
724 1114 849 1196 αὐτοὺς
867 1115 965 1201 εἶναι,
989 1115 1040 1183 ὅτι
1056 1115 1266 1200 στρογγύλοι·
1286 1113 1396 1184 οντων

238 1227 392 1294 ‘tarracon
410 1230 565 1312 φαίνεται
587 1225 791 1312 ψαυόμενον,
810 1222 1024 1312 ἀγνοοῦντες,
1048 1223 1098 1292 ὅτι
1119 1223 1158 1290 τὰ
1178 1221 1277 1290 οστέτι
1298 1225 1397 1291 retiari

238 1333 318 1401 ‘loca
355 1329 395 1400 τὰ
432 1328 496 1401 εἰπὸ
534 1337 602 1400 τῶν
634 1331 837 1402 cerneleiae
861 1333 1047 1418 πεφυκότα,
1079 1331 1152 1416 περὶ
1184 1323 1233 1398 ὧν
1257 1329 1275 1396 ὁ
1301 1333 1397 1416 λόγος

198 1436 352 1532 ω’ὀλίγῳ
376 1445 568 1527 ἔμπροσθεν
592 1449 730 1528 εἴρηται,
754 1443 790 1508 οἱ
812 1440 848 1508 dt
873 1441 1056 1508 ortoudulor
1083 1437 1170 1508 noti·
1194 1441 1393 1524 προσωτέρω

237 1544 372 1615 ’ἄπνου
396 1547 598 1634 στενοτάτην
617 1547 681 1636 γὰρ
700 1547 837 1616 πάντων
857 1547 950 1638 ζῴων
969 1545 1165 1632 ὥνθρωπος.
1179 1553 1314 1632 κοιλίην
1332 1550 1403 1632 ile(

236 1650 294 1734 ‘nic
317 1655 368 1723 ε’τιὶ
392 1647 527 1743 μεγέθει
551 1651 698 1724 ἀπὸτοῦ
721 1653 864 1723 ὄπισθεν
889 1657 921 1735 ἐς
945 1654 981 1722 τὸ
1007 1659 1214 1742 tamnaco.
1239 1655 1317 1720 :sort
1344 1657 1394 1720 uel

236 1759 330 1830 ‘narrt
366 1760 404 1830 τὸ
442 1767 577 1850 στῆθος.
624 1759 706 1832 ὅταν
744 1755 808 1831 οὖν
844 1791 875 1830 τι
913 1763 1043 1832 τοτ’των
1080 1767 1148 1830 των
1179 1757 1308 1830 ὀστέων
1331 1765 1398 1828 τῶν

236 1865 482 1957 “ὑπερεχόντων
504 1874 649 1960 ἰσχυρῶς
671 1875 813 1961 καταγῇ,
839 1869 880 1956 ἵν
904 1898 937 1940 τε
961 1875 999 1938 ’ἐν
1025 1869 1066 1959 ἦν
1089 1897 1121 1937 τε
1146 1873 1265 1952 πλείω,
1295 1867 1394 1956 ταύτῃ

273 2075 286 2122 1
307 2065 348 2130 εἰς
368 2069 447 2125 codd.
468 2067 530 2123 edd.
547 2099 579 2108 —
600 2063 876 2124 areztsaaa2n1.--
898 2075 913 2122 t
934 2063 1069 2136 ἀγνοοῦσι
1091 2066 1171 2120 codd.
1187 2065 1249 2120 edd.
1272 2099 1303 2104 --
1326 2063 1397 2120 ruli·

235 2139 316 2195 codd.
335 2139 398 2194 cdd.
419 2139 515 2194 nollet
531 2139 611 2194 Corn.
629 2171 660 2181 -
681 2149 697 2194 5
718 2137 852 2209 ἀγνοοῦσι
874 2141 954 2193 codd.
975 2141 1037 2192 edd.
1059 2171 1090 2178 —
1113 2135 1221 2197 πάντας
1241 2156 1294 2214 pro
1310 2138 1398 2190 ⁷511..-

235 2211 324 2266 n1.-
354 2213 440 2267 7τοῦ
461 2207 621 2266 οποοδύλοο
640 2213 719 2268 codd.
740 2213 801 2267 cdd,
826 2245 857 2254 -
883 2209 973 2266 τιν’τέτο
997 2213 1078 2266 codd.
1098 2211 1160 2264 edd.
1182 2239 1214 2249 ·-
1241 2215 1256 2262 9
1278 2217 1293 2263 ο
1313 2214 1398 2276 lupae

234 2299 289 2338 om.
309 2283 388 2338 codd.
409 2283 471 2338 edd.
498 2315 530 2325 -
561 2292 594 2338 10
614 2281 669 2339 olet
689 2301 738 2354 pro
758 2283 788 2338 el
810 2285 890 2338 codd.
911 2285 973 2338 edd.
999 2313 1031 2323 -
1056 2283 1152 2336 nollet
1172 2281 1251 2336 codd.
1273 2281 1336 2335 edd.
1366 2314 1377 2320 -

234 2361 268 2410 11
288 2355 346 2409 πᾶν
367 2351 445 2421 ζώων
465 2355 501 2409 n.
522 2387 554 2396 -
579 2351 735 2423 ἅνθρωπος
753 2356 833 2411 codd.
854 2357 916 2409 edd.
937 2387 969 2396 -
998 2363 1028 2409 12
1049 2353 1090 2417 εἰς
1109 2354 1189 2408 codd.
1208 2353 1272 2406 edd.
1295 2385 1324 2392 —
1354 2349 1398 2406 rin

233 2443 285 2497 pro
305 2425 372 2482 nott
394 2427 474 2482 codd.
494 2427 556 2482 edd.
576 2457 611 2468 —
633 2435 665 2482 13
685 2428 742 2482 τῶν
761 2445 814 2482 nm.
836 2428 871 2482 M.
895 2459 925 2466 --

234 2649 299 2694 eos
323 2625 516 2710 hominen,
539 2628 681 2712 quibus
700 2629 907 2694 vertebrae
932 2629 1039 2693 intus
1059 2629 1270 2713 prolapsae
1294 2631 1400 2694 art-i-

234 2734 348 2802 culoa
378 2734 534 2802 omnino
563 2734 807 2800 transierint.
854 2737 1091 2822 Quamquam
1120 2733 1217 2800 banc
1246 2735 1399 2800 distor-

232 2843 380 2910 tionem
408 2841 590 2910 nonnulli
619 2839 851 2908 facillimain
880 2843 925 2909 ad
955 2843 1167 2910 curandum
1196 2865 1282 2909 esse
1311 2845 1400 2929 opi·

232 2955 378 3016 nantur
396 2972 518 3036 neque
534 2971 629 3035 opus
644 2972 727 3016 esse
743 2952 966 3016 vertebram
986 2951 1026 3016 iu
1045 2951 1171 3017 locum
1190 2973 1401 3035 reponere,

233 3057 297 3124 scd
322 3061 463 3142 sponte
486 3057 585 3122 talia
610 3079 822 3124 sanescere.
861 3059 994 3145 Ignari
1014 3063 1144 3124 nutem
1164 3059 1276 3124 inulti
1302 3078 1398 3126 sunt

233 3168 348 3252 atque
381 3187 424 3230 ex
464 3187 507 3228 ea
546 3165 774 3252 ignorantia
808 3165 845 3231 id
883 3165 983 3233 lueri
1017 3167 1182 3250 faciunt,
1222 3165 1321 3252 qnod
1355 3167 1398 3234 id

232 3273 358 3358 ipsum
383 3271 476 3338 aliia
500 3273 751 3359 persuadent3
775 3276 817 3338 at
841 3273 915 3358 ipsi
942 3273 1014 3340 hac
1039 3274 1082 3340 de
1107 3297 1222 3340 causa
1247 3273 1396 3340 lallun·

232 3385 308 3467 tur,
340 3379 442 3467 quod
476 3381 641 3466 spinam,
673 3403 770 3468 quae
803 3381 842 3447 in
875 3403 918 3446 ea
951 3382 1057 3448 ‹lorsi
1089 3387 1198 3468 parte
1231 3381 1396 3466 eminet,

233 3487 438 3554 vertebras
476 3488 583 3574 ipsas
622 3511 707 3554 esse
751 3487 998 3574 existimant,
1039 3495 1251 3577 propterea
1289 3493 1394 3576 quod

231 3598 438 3662 rotundum
481 3618 524 3662 ac
572 3601 677 3662 teres
725 3599 1023 3684 unumquodque
1066 3621 1107 3666 os
1150 3601 1393 3665 attrectanti

231 3709 408 3790 apparet,
440 3727 564 3790 neque
593 3705 838 3792 intellegunt
870 3705 964 3772 llaec
998 3729 1088 3772 ossa
1123 3729 1222 3792 esee,
1250 3729 1346 3792 qliae
1372 3733 1393 3772 a

229 3811 428 3878 vertebris
462 3811 693 3900 procedunt,
726 3815 770 3879 de
798 3815 941 3900 quibus
977 3815 1094 3900 paulo
1124 3819 1213 3882 ante
1242 3814 1392 3881 dietum

230 3923 302 4004 cat,
331 3919 536 3986 vertebras
566 3925 693 3988 autern
718 3923 828 4008 ipsas
858 3923 980 3989 multo
1009 3922 1169 4009 longius
1194 3923 1393 4007 recedere;

230 4029 556 4116 angustissimum
580 4029 681 4096 enim
706 4031 875 4098 omnium
900 4031 1159 4098 animantium
1184 4030 1296 4099 homo
1320 4057 1392 4120 pro

228 4135 499 4224 magnitudine
535 4141 711 4224 ventrem
740 4139 862 4206 habet
891 4165 909 4207 a
944 4141 1165 4224 posteriore
1200 4147 1312 4224 parte
1352 4143 1392 4211 in

229 4244 484 4330 anteriorem,
509 4247 719 4334 praecipue
745 4249 788 4314 ad
813 4253 959 4334 pectus.
996 4245 1088 4313 Cum
1113 4249 1303 4336 igiturex
1328 4251 1392 4320 uis

228 4353 386 4420 ossibus
411 4354 680 4422 eminentibus
705 4356 865 4443 aliquod
890 4356 1002 4422 valde
1026 4355 1274 4424 contractum
1298 4361 1391 4446 erit,
