3048 5036
675 365 922 438 -164-

210 529 280 604 ἐστι
302 533 407 604 ταῦτα
429 533 498 603 τῦν
525 532 576 602 ἐστὶ
601 546 672 612 τοῖς
695 529 836 620 στόμασι
862 533 921 619 τῆς
944 536 1085 619 καρδίας
1109 527 1262 620 ὑμένων,
1290 523 1381 618 ῦσιέρ

210 633 260 712 riv
275 639 531 731 Ἐρασίστρατος
553 640 616 729 μὲν
634 637 782 726 ἀκριβῶς
800 643 956 727 ἐγραοιεν,
974 638 1159 728 Ἡρόφιλος
1182 639 1218 707 δὲ
1238 635 1383 727 ἆμείιῦς.

212 748 426 840 σνμφύονται
451 750 487 818 δέ
512 751 564 818 καί
591 751 798 819 συνδοῦνται
823 747 880 816 διὰ
904 745 1018 818 αῦτιῦν
1039 747 1125 836 πρὸς
1146 745 1210 835 την
1232 751 1383 833 καρδιάν

144 862 249 936 rator*
269 856 389 947 ὑμένες
411 850 506 927 οῦτοι
529 859 584 926 καί
611 855 629 946 ἡ
654 863 749 946 χρεία
773 882 811 943 γε
834 855 918 924 κατὰ
941 855 1021 936 τοὺς
1043 855 1255 944 συνδέσμους
1283 855 1288 944 Ι
1317 851 1384 923 αῦ-

179 981 295 1052 5τοῖς,
318 962 361 1036 οῦ
384 965 467 1036 κατὰ
489 963 530 1034 td
552 969 663 1052 νεῦρα.
700 962 785 1034 ἀλλὰ
810 969 841 1033 εί
862 964 916 1032 καὶ
940 961 1042 1050 νεῦριί
1065 989 1115 1044 τις
1138 961 1225 1033 εἶναι
1249 987 1384 1052 συγχω-

215 1074 349 1165 ρήσειεν
377 1071 463 1144 αύτέι
486 1075 541 1143 καὶ
571 1072 616 1163 μη
648 1071 803 1160 νευροίδη
832 1071 984 1162 σοι’ματα,
1012 1071 1050 1140 τύ
1078 1097 1115 1159 γε
1144 1071 1207 1160 τὴν
1234 1076 1387 1160 καρδίαν

218 1181 379 1272 ὑπάρχειν
402 1182 534 1270 νεύρων
553 1178 662 1270 ἀρχὴν
680 1178 743 1250 οῦκ
762 1182 795 1264 ἐξ
814 1179 963 1268 ἀνάγκης
981 1181 1092 1248 ἕπεται
1111 1178 1156 1267 μὴ
1178 1181 1388 1268 δυναμένων

215 1287 312 1378 aipein
336 1289 496 1374 ἐπιδεῖξαι
520 1290 628 1380 μηδὲν
652 1293 776 1376 νεῦρον
795 1295 842 1371 είς
863 1289 972 1378 μηδὲν
994 1289 1118 1378 μόριον
1140 1289 1202 1356 τοῦ
1225 1287 1388 1375 σώματος

215 1394 282 1467 duo
313 1394 417 1487 αὐτῆς
449 1397 655 1487 φερόμενον,
688 1397 733 1479 ὡς
765 1403 959 1486 ἔμπροσθεν
991 1398 1163 1485 ἐδείξαμεν
1196 1391 1260 1464 ιὐιὸ
1289 1395 1387 1482 ἐγκε-

177 1503 331 1594 ιοφιίλου
362 1533 397 1576 τε
431 1506 485 1576 καὶ
521 1512 689 1576 νωτιαίου.
744 1513 839 1576 δοκεῖ
868 1505 911 1594 δή
944 1531 1000 1595 μοι
1037 1503 1100 1574 δύο
1133 1503 1196 1593 μέν
1228 1504 1388 1571 ἐνταῦθα

216 1610 430 1703 ῦττοθεμενος
462 1610 577 1702 ὀρθῶς
609 1612 627 1682 ὁ
654 1611 897 1702 Ἀριστοτέλης,
929 1617 968 1682 ἐν
994 1614 1072 1702 μέν,
1104 1609 1151 1692 aig
1178 1609 1294 1698 ίσχύος
1326 1614 1393 1680 δεῖ

216 1749 310 1802 τινος
329 1718 391 1792 οῦκ
410 1719 577 1810 ἀγεννοῦς
595 1727 642 1804 είς
664 1719 723 1802 τὰς
740 1721 823 1790 κατὰ
845 1728 1042 1810 προαίρεσιν
1061 1723 1240 1808 ἐνεργείας,
1263 1721 1390 1806 ἕτερον

217 1829 271 1916 δέ,
306 1825 352 1910 ὥς
385 1827 545 1919 οὐδεμιᾶς
577 1829 734 1918 τοιαύτης
767 1827 882 1918 ι’σχύος
920 1827 1092 1922 ἐγκεφάλῳ
1124 1829 1292 1917 μέτεστιν,
1325 1829 1387 1896 ἐστὶ

148 1995 156 2004 .
219 1933 336 2020 αύτοτς
363 1937 400 2007 δὲ
428 1945 543 2026 τρίτον
571 1941 605 2022 ἐξ
633 1937 825 2026 αίσθησεως
852 1935 1056 2026 προσλαβὼν
1085 1935 1122 2006 τὸ
1153 1939 1285 2024 πλῆθος
1311 1937 1387 2004 τῶν

178 2065 203 2108 1⁵
219 2045 256 2114 ἐν
278 2049 319 2137 τῇ
347 2049 469 2137 καρδίᾳ
497 2050 680 2134 νενρωδῶυ
708 2047 909 2134 συνδέσμων
931 2041 994 2115 οῦκ
1022 2041 1075 2115 ἔθ’
1101 2041 1281 2134 ὑπομεῖναι
1302 2043 1384 2130 περὶ

217 2151 281 2242 τὴν
303 2153 387 2223 κατὰ
409 2155 510 2244 μέρος
533 2151 708 2245 ύνατομὴν
730 2151 963 2244 ἀσχοληθῆναι
986 2153 1042 2223 καὶ
1066 2157 1218 2242 ζητῆσαι,
1240 2156 1310 2232 πῶς
1331 2155 1387 2232 είς

242 2395 287 2464 Ι11
308 2391 357 2446 δεῖ
373 2385 450 2454 τινὸς
469 2389 490 2446 C
510 2389 567 2447 cai.
588 2393 637 2446 δεῖ
652 2411 727 2456 τινος
746 2391 795 2446 Ch.
816 2421 849 2432 -
876 2397 908 2446 13
933 2383 1002 2446 οῦδὲ
1022 2388 1090 2458 μιᾶς
1112 2385 1133 2442 C
1154 2391 1221 2443 cett.
1241 2381 1387 2456 οὐδεμιᾶς

218 2479 279 2518 aar.
298 2493 331 2502 -

220 2697 305 2766 Mihi
324 2701 465 2787 quidem,
489 2725 571 2788 quae
591 2701 793 2788 Herophilus
818 2685 1013 2788 eorpusmda
1036 2725 1186 2788 neruosa,
1210 2703 1231 2768 i.
1255 2723 1282 2766 e.
1306 2723 1387 2764 νευ-

220 2803 342 2892 ροίδεις
369 2805 561 2894 διαφύσεις,
592 2811 786 2898 appellarit,
815 2835 853 2876 ea
878 2833 944 2877 non
970 2811 1031 2885 ita,
1062 2813 1118 2878 sed
1141 2833 1260 2878 nervos
1288 2809 1387 2894 ipsos

221 2917 406 3004 appellasse
434 2918 576 2990 ridetur:
612 2925 688 2984 sant
717 2937 826 2986 autem
856 2920 1081 2986 extremitates
1106 2919 1388 2998 membranarum,

220 3048 304 3112 ηιιαο
328 3025 461 3092 orificiis
486 3027 592 3092 cordis
617 3027 779 3108 adiacent,
803 3027 841 3092 de
866 3027 984 3112 quibus
1008 3027 1229 3093 Erasistratus
1259 3033 1388 3099 exuere,

221 3131 421 3219 Herophilus
450 3135 661 3220 neglegenter
692 3137 832 3220 scripsit.
887 3134 959 3200 Hae
990 3136 1200 3201 membranae
1233 3157 1292 3218 per
1323 3133 1386 3198 illa

222 3263 295 3306 eum
331 3241 428 3308 corde
462 3255 672 3308 concrescunt
707 3243 967 3328 copulanturque
1000 3251 1033 3308 et
1066 3267 1143 3308 usus
1181 3265 1292 3308 earum
1322 3247 1388 3317 est,

221 3347 327 3434 (pinalis
352 3349 553 3436 copularum,
578 3373 644 3416 non
667 3350 773 3436 (predis
798 3373 980 3416 neruorum.
1019 3351 1142 3428 Quodsi
1166 3351 1239 3437 «pris
1264 3371 1387 3416 neruos

221 3455 311 3540 illos,
338 3479 403 3523 nou
427 3480 566 3522 nervosa
591 3459 782 3542 corpuscula
813 3481 883 3522 esse
907 3459 1077 3542 concedar,
1105 3465 1214 3525 tamen
1238 3481 1304 3525 aon
1328 3481 1386 3524 ue-

222 3565 364 3630 eessario
390 3567 537 3652 sequitm·
556 3589 612 3632 eor
631 3589 803 3632 neruorum
825 3567 985 3654 originem
1008 3589 1093 3652 esse,
1117 3591 1190 3632 eum
1211 3567 1386 3633 ostendero

221 3693 420 3758 nequeamus
453 3673 556 3740 ullum
584 3697 720 3740 nervam
749 3677 782 3742 in
812 3677 912 3741 allam
942 3676 1089 3760 eorporis
1118 3683 1245 3758 partem
1276 3697 1315 3742 ex
1343 3699 1385 3740 eo

222 3779 316 3864 ferri,
347 3782 433 3847 sieut
460 3805 559 3868 supra
588 3807 604 3846 e
634 3785 766 3848 eerelno
795 3789 826 3850 et
856 3785 975 3868 spinuli
1004 3783 1145 3849 medulla
1171 3785 1387 3849 ostendimus.
1479 3809 1487 3820 ·

223 3887 272 3953 Aa
296 3887 424 3954 ridetur
447 3891 527 3957 mihi
553 3893 759 3960 Aristoteles.
783 3915 856 3958 eum
875 3891 938 3957 duo
958 3897 1044 3957 reete
1069 3893 1249 3960 statuisset.
1273 3915 1387 3965 erarem.

223 3995 339 4061 robore
375 3997 516 4084 quodam
548 4023 614 4066 uon
650 4000 777 4085 vulgari
809 3999 849 4064 ad
884 3999 1086 4066 voluntarias
1121 4002 1267 4066 actiones
1301 4025 1387 4086 opus

223 4125 304 4188 esse,
328 4103 477 4190 alterurn,
500 4106 625 4173 nullum
652 4107 838 4173 luriusmodi
863 4111 964 4174 robur
987 4109 1119 4174 cerebro
1144 4109 1260 4190 inesse,
1284 4109 1386 4176 tertio

223 4233 241 4272 e
274 4234 370 4278 sensu
400 4218 560 4293 assumto,
594 4218 722 4302 copiam
757 4239 968 4282 neruosurarn
997 4216 1189 4301 copularum
1225 4217 1258 4282 in
1286 4217 1387 4282 ooule

223 4320 376 4404 reperiri.
406 4345 518 4386 morae
551 4323 728 4408 impatiens
757 4325 902 4390 noluisse
932 4325 964 4390 in
1003 4325 1207 4412 singularum
1239 4325 1386 4411 partium

223 4428 404 4494 resectione
429 4431 596 4496 inunorari
621 4439 652 4496 et
668 4455 834 4517 ηιιοιϊιϊο,
857 4456 921 4519 quo
941 4439 1038 4520 paeto
1062 4435 1096 4500 in
1116 4435 1246 4521 singula
1270 4457 1389 4522 eorpo-
