3022 5038
687 281 1011 392 --οιο--Ι

233 488 472 558 διεσκευάσθαι
486 490 649 574 φανερῶς.
678 482 779 554 οὐδὲν
794 489 879 572 γοῦν
893 481 1006 551 αὐτῶν
1021 479 1161 550 δύναται
1178 483 1383 547 δείκνυσθαι.

232 602 339 665 καίτοι
369 586 472 663 τᾶλλα
503 591 544 662 τὰ
576 593 650 678 περὶ
683 596 820 678 φλεβῶν
847 591 1006 678 είριγμὲνιι
1032 587 1117 674 πρὸς
1139 583 1383 672 Ἱπποκράτους,

232 701 315 788 ὅπερ
344 707 473 788 ἔγραψα
497 699 605 770 πάντα
633 699 716 768 κατὰ
744 699 807 786 τὴν
835 701 909 784 περὶ
934 702 992 784 τῆς
1009 693 1250 781 Ἱπποκράτους
1272 691 1385 762 ἀνατο-

232 812 296 897 μῆς
323 815 568 897 πραγματείαν,
598 805 814 895 ῶμολύγιγτιιί
838 833 873 876 τε
905 821 976 886 τοῖς
1003 802 1221 890 ἀνατομικοῖς
1247 799 1385 886 ἇνδρᾰσι

206 917 288 986 ικαὶ
322 921 492 985 δείκνυται
520 917 574 984 καλ
603 916 688 1000 πρὸς
717 913 823 1002 ἡμῶν·
853 915 892 982 τὰ
921 915 1059 1000 τέτταρα
1087 910 1122 980 δὲ
1154 911 1265 978 ἐκεῖνα
1294 908 1386 994 ζεύγη

166 1113 168 1118 ,
233 1023 318 1110 πρὸς
348 1028 394 1116 τῷ
427 1023 510 1112 μηδὲ
544 1021 603 1110 ὑφ’
640 1023 715 1102 ἑνὸς
747 1022 852 1090 ἄλλον
884 1025 1042 1108 λέγεσθαι
1078 1022 1147 1088 τῶν
1178 1015 1389 1105 ύναγομωιῶν

234 1128 315 1200 οὐδὲ
340 1136 507 1200 δείκνυται
537 1131 621 1218 πρός
648 1158 749 1210 τινος.
794 1127 877 1198 ἀλλὰ
907 1135 991 1198 ἔνιοι
1019 1127 1082 1215 μὶν
1107 1129 1177 1194 τῶν
1203 1128 1389 1212 τιθεμένων

82 1271 95 1296 ·
233 1235 319 1308 αὐτὰ
351 1239 521 1307 πιστεύειν
547 1238 755 1327 Ἱπποκράτει
789 1245 888 1324 φασί,
920 1233 984 1306 κᾶν
1016 1226 1109 1304 ούτοι
1142 1235 1188 1321 μὴ
1221 1233 1388 1302 δύνωνται

234 1345 420 1432 δεικνύειν,
449 1343 495 1426 ῶς
521 1347 595 1432 περὶ
620 1345 708 1436 λόγῳ
737 1349 914 1432 θεωριγτοῠ
939 1343 1148 1432 πράγματος,
1181 1338 1243 1410 ούκ
1272 1345 1390 1427 αι’σθιγ-

194 1457 304 1541 ιοτοῦ,
328 1452 573 1541 διαλεγόμενοι,
596 1453 686 1533 τινὲς
708 1453 744 1520 δὲ
770 1454 1026 1540 ἐπαγγέλλονται
1056 1451 1118 1539 μὲν
1142 1451 1280 1532 δείξειν,
1309 1455 1391 1518 ἔδει·

234 1565 296 1642 ξαν
333 1561 369 1628 δὲ
404 1553 574 1630 ούδέποτε.
633 1561 669 1628 τὸ
703 1561 766 1648 μὲν
798 1553 862 1629 οὖν
892 1561 930 1628 ἐν
963 1560 1063 1650 ἑτέρῳ
1099 1559 1166 1626 ravi
1199 1556 1390 1644 γράφεσθαι

233 1673 353 1766 βιβλίῳ
376 1671 445 1736 τῶν
467 1670 651 1754 προφανῶς
676 1667 791 1736 νόθων
813 1666 854 1735 τὰ
877 1669 1020 1752 τέσσαρα
1045 1665 1141 1752 ζεύγη
1165 1668 1234 1733 τῶν
1256 1669 1394 1751 φλεβῶν

234 1773 337 1844 οὐδὲν
360 1763 589 1863 θαἰ’μι“ιστύν’·”
603 1769 786 1858 εὑρίσκεται
814 1775 850 1843 δὲ
875 1775 928 1842 καὶ
954 1773 1036 1841 κατὰ
1064 1772 1127 1860 τὴν
1150 1771 1308 1859 τελευτὴν
1330 1777 1394 1842 τοῦ

227 1884 308 1971 ’περὶ
332 1882 456 1969 φύσιος
474 1879 673 1968 τλνθρῶπον,
696 1883 858 1969 δευτέρου
881 1881 916 1948 δὲ
941 1885 1003 1950 τοῦ
1026 1882 1099 1966 περὶ
1120 1883 1260 1968 διαίτης,
1283 1871 1395 1972 ςδτὴν

105 2077 111 2086 η
142 2051 145 2060 ,
194 1987 408 2128 ιιύνατομίγν
434 1995 502 2059 τῶν
529 1993 666 2076 φλεβῶν
695 1989 938 2078 ἐμβεβλήκασιν
966 1985 1091 2056 ούδένα
1120 1987 1224 2074 λόγον
1246 1992 1396 2076 ἔχουσαν

272 2181 284 2226 1
307 2187 356 2242 pos
345 2123 370 2226 t
386 2166 522 2225 αύτῶνδ.
542 2173 614 2240 apat.
631 2187 692 2224 r.ac
707 2170 906 2252 septemdecim
922 2173 979 2224 t'ere
995 2169 1168 2230 litterarum
1188 2169 1316 2238 sequitur
1330 2171 1396 2221 καί

234 2261 277 2297 τοι
296 2243 326 2298 in
345 2243 372 2296 M
393 2263 429 2296 αι
434 2263 488 2296 των
507 2244 652 2296 δείμινιται
673 2239 821 2296 δεικνύναι
841 2245 935 2295 καίτοι
955 2245 978 2294 Α
999 2235 1062 2296 not.
1081 2244 1227 2294 rtrr'wuur
1246 2261 1271 2294 ιι.
1292 2239 1395 2294 BChK

234 2309 298 2369 αύτ.
325 2310 446 2369 δύναται
473 2315 641 2368 δείκνυσθαι
663 2313 743 2368 Corn
771 2343 804 2352 -
829 2309 952 2368 ’λτᾶλλα
972 2333 1024 2366 ιιεν
1043 2332 1106 2380 περι
1127 2312 1222 2367 M.-
1188 2311 1394 2380 -3r'ppwr

235 2384 306 2440 M*
290 2403 430 2510 sponofw
443 2383 618 2440 ABChK
602 2400 715 2454 ιγραιγα
745 2389 839 2444 Corn:
869 2373 1212 2453 cf.Pri›11.p.1oo.-
1242 2391 1311 2438 «Ιτε
1337 2401 1396 2440 om.

234 2455 415 2514 ABCthc
417 2457 539 2512 f..Proll
559 2475 585 2527 p.
606 2463 707 2510 3t.-
734 2451 909 2511 ὅδύνανται
930 2455 1127 2509 ,nanu-n
1154 2451 1280 2540 ordros
1304 2457 1337 2510 t.
1359 2487 1395 2496 —

235 2537 268 2584 11
293 2529 330 2583 τῶ
355 2549 408 2598 μεν
432 2528 468 2583 M.
493 2559 526 2570 -
560 2536 593 2583 lt
613 2525 733 2611 φύσεως
749 2529 831 2584 codd
857 2528 919 2582 edd.
939 2523 1042 2594 φύσιος
1064 2544 1179 2582 nos-
1188 2522 1264 2612 πρὸ
1288 2525 1320 2582 δε
1341 2547 1395 2582 τον

234 2585 372 2688 δευτέρον
391 2599 529 2655 Corn-
555 2607 589 2654 15
608 2597 756 2670 ἀνατομήν
775 2600 831 2654 τῶν
855 2601 970 2671 βιβλίων
989 2599 1069 2654 codd.
1090 2599 1152 2654 cdd.
1177 2593 1205 2652 ri.
1224 2619 1247 2652 t.
1266 2601 1396 2672 φλεβίωιι

235 2666 355 2727 Gorn’
336 2693 364 2728 α.
383 2692 407 2728 τ.
427 2673 541 2744 φλεβῶν
560 2689 619 2727 nos
640 2703 673 2712 -

235 2852 318 2918 mihi
347 2854 506 2920 ridentur.
555 2854 692 2920 Nullum
720 2854 851 2940 quidem
880 2877 992 2920 corum
1022 2853 1148 2920 ostendi
1178 2859 1301 2938 potest,
1329 2856 1395 2920 etsi

237 2965 354 3044 cetera,
377 2985 458 3047 quae
482 2963 629 3028 decenis
651 2963 732 3028 dixit
752 2963 981 3048 Hippocrates,
995 2946 1087 3049 'elnac
1107 2963 1217 3028 omnia
1241 2965 1274 3030 iu
1293 2987 1395 3050 opere

236 3067 276 3134 de
309 3067 522 3154 Hippocratis
557 3072 723 3137 anatomia
757 3071 951 3156 conscripsi,
985 3095 1058 3136 cunr
1092 3071 1171 3136 siris
1207 3072 1395 3138 anatornine

236 3175 352 3261 peritis
376 3177 515 3262 probata
540 3185 629 3263 sunt,
657 3185 727 3244 tum
752 3181 852 3244 ctiam
882 3203 900 3244 a
928 3179 1024 3276 nobis
1048 3184 1287 3264 monstrantur3
1316 3203 1394 3266 qua·

237 3289 313 3352 tuor
335 3307 412 3350 vero
436 3285 494 3350 illa
523 3288 630 3372 paria,
658 3301 887 3372 praeterquam
915 3288 1000 3374 qnod
1026 3311 1043 3352 a
1073 3287 1163 3354 nullo
1187 3287 1254 3354 alio
1277 3293 1395 3354 anato-

235 3391 320 3456 miae
344 3393 529 3477 professore
553 3403 859 3466 commemorantur.
883 3419 923 3460 nc
947 3399 1173 3460 monstrantur
1195 3395 1326 3480 quidem
1350 3397 1393 3461 ab

235 3499 313 3566 ullo.
364 3500 426 3565 aad
453 3502 615 3586 nomrulli‚
649 3504 705 3587 qui
734 3527 772 3567 ca
801 3512 940 3588 ponunt,
973 3502 1101 3568 credere
1130 3525 1165 3568 sc
1194 3501 1393 3588 Hippocrati

236 3607 337 3690 aiunt,
358 3631 556 3695 quamquam
576 3616 759 3676 monstrare
779 3633 816 3674 ca
835 3617 1009 3695 noqueunt,
1031 3611 1124 3696 quusi
1148 3611 1188 3675 dc
1211 3613 1394 3678 roratione

236 3717 363 3780 tantum
396 3718 634 3802 cognoscenda,
666 3740 732 3782 non
765 3720 913 3782 scrrsibns
945 3717 1091 3783 subiecta
1124 3718 1395 3804 dissernnt;‚alii

236 3828 475 3890 monstraturos
495 3825 624 3910 quidem
645 3849 679 3890 sc
699 3828 905 3910 promittunt.
929 3848 1093 3911 nunquam
1116 3833 1228 3892 tanuen
1246 3826 1278 3890 id
1299 3847 1395 3911 prae

236 3933 335 3994 stant.
373 3929 463 3997 Haec
483 3932 586 4017 igitur
605 3935 696 4018 paria
718 3956 873 4000 venarum
897 3935 930 3999 in
950 3934 1061 4018 aliquo
1081 3933 1146 4000 alio
1166 3935 1264 4002 exiis
1288 3933 1397 4009 libris.

236 4035 291 4121 qui
315 4037 490 4104 manifesto
514 4041 617 4126 spurii
642 4050 727 4108 sunt.
751 4043 884 4125 reperiri
909 4065 973 4108 non
997 4041 1116 4108 mirum
1137 4055 1200 4126 est;
1223 4041 1396 4110 inveniun-

235 4146 423 4210 tutantem
448 4147 549 4212 etiam
573 4149 607 4214 in
632 4155 775 4215 extremo
805 4149 904 4224 libro,
932 4150 987 4236 qui
1011 4153 1060 4214 est
1085 4150 1124 4214 rte
1147 4154 1266 4215 nutura
1289 4149 1396 4217 homi-

235 4250 298 4334 nis,
321 4257 353 4316 et
378 4253 412 4318 in
435 4256 576 4320 secundo
599 4256 638 4320 de
658 4257 763 4322 rictus
785 4257 920 4342 ratione,
943 4259 994 4322 cui
1015 4280 1170 4324 venarum
1190 4257 1396 4326 anatomiam

234 4357 442 4426 inseruerunt
449 4413 459 4446 ,
487 4383 560 4428 cunr
589 4369 701 4430 tamen
724 4365 812 4430 nulla
839 4365 924 4430 ratio
948 4373 1046 4452 esset,
1075 4389 1131 4432 cur
1159 4391 1196 4432 ca
1221 4365 1261 4432 ud
1285 4367 1397 4434 victus
