2992 5034
664 315 908 382 -514—

204 476 293 557 τινὲς
319 475 357 544 dt
385 471 510 562 ὀχετῶν
542 469 814 562 ἀποσχιζομένων
847 470 1098 562 σμικρύνονται.
1149 467 1298 558 ποταμός
1325 467 1364 538 δὲ

206 581 318 663 οὐδεὶς
341 584 377 650 ίκ
400 585 477 670 μιᾶς
499 579 695 668 ὁρμώμενος
717 585 825 670 πηγῆς
848 580 1009 649 ε’λάττονα
1031 578 1095 666 την
1117 577 1269 665 κεφαλὴν
1297 583 1380 666 ἔχει,

204 693 274 760 τῶν
302 691 431 778 ίφεξης·
460 694 491 757 εί
522 689 557 756 ὁὶ
592 690 628 756 ἐκ
660 693 795 758 πολλῶν
827 686 1021 776 ἁθροίζοιτο
1053 691 1188 774 πηγῶν.
1221 685 1367 773 εὔλογον

207 796 317 886 δήπου
343 796 380 866 τὸ
410 795 492 865 ὅλον
520 795 659 884 ἑκάστης
686 793 799 866 αὐτῶν
827 798 987 884 γενέσθαι
1013 801 1136 882 μεῖζον.
1181 795 1236 862 καὶ
1263 794 1369 881 χωρίς

179 905 244 974 οὸὲ
268 908 329 975 τοῦ
346 909 625 992 παραδείγματος,
649 909 680 973 εί
702 904 741 972 τὰ
761 903 843 972 κατὰ
866 903 904 972 τὸ
929 907 1025 992 σῶμα
1043 907 1111 972 τῶν
1135 901 1229 994 ζῴων
1247 897 1366 987 ἀγγεῖα

132 1051 138 1062 ·
206 1013 247 1082 τὰ
272 1010 472 1102 σμικρότερα
495 1016 563 1080 τῶν
581 1013 746 1100 μειζόνων
770 1009 873 1100 ἀρχὰς
891 1011 1083 1099 θησόμεθα,
1107 1024 1258 1098 μαχεῖται
1281 1008 1369 1094 πρὸς

208 1120 330 1190 ἑαυτὸν
352 1117 370 1190 ὁ
395 1119 495 1204 λόγος
513 1121 551 1186 ίν
570 1117 690 1188 ἅπαντι
715 1127 823 1211 μορίῳ
846 1123 908 1188 τοῦ
927 1117 1080 1206 στόματος
1098 1115 1370 1206 ἀναγκαζόμενος

208 1226 387 1317 ὁμολογεῖν
418 1224 526 1314 ἀρχὴν
559 1224 645 1295 εἶναι
679 1231 746 1295 τῶν
778 1231 882 1312 τριῶν
913 1224 1087 1313 όργάνων,
1119 1222 1279 1313 ἀρτηρίας
1309 1225 1368 1294 καί

208 1335 336 1424 νεύρου
357 1335 412 1404 καί
431 1334 566 1422 φλεβός,
585 1333 680 1418 ῶστε,
704 1339 735 1402 εί
758 1333 865 1414 οὕτως
883 1340 988 1422 ἔτυχε,
1010 1334 1074 1422 την
1091 1334 1238 1421 πτέρναν
1264 1328 1282 1422 ἢ
1305 1330 1371 1402 τὸν

170 1463 195 1503 ¹⁰
210 1443 378 1516 δάκτυλον
401 1439 509 1531 ἀρχὴν
532 1440 618 1511 εἶναι
643 1445 702 1530 της
728 1449 885 1530 μεγίστης
907 1437 1067 1529 ἀρτηρίας
1088 1443 1144 1510 καί
1171 1446 1231 1529 της
1252 1449 1371 1528 κοίλης

208 1551 333 1640 φλεβὸς
355 1551 410 1620 καλ
434 1553 496 1618 τοῦ
518 1557 691 1618 νωτιαίου·
720 1553 815 1618 ταυτὶ
847 1549 911 1636 γὰρ
934 1550 1046 1637 ῶσπερ
1073 1548 1148 1620 τινα
1171 1551 1301 1638 πρίμνα
1328 1549 1361 1618 τί

209 1658 272 1748 μὲν
294 1655 464 1746 ἀρτηριῶν
487 1657 568 1740 ἐστι,
590 1656 627 1724 τὸ
653 1657 689 1724 δὲ
709 1661 856 1744 φλεβῶν,
878 1657 915 1725 τὸ
941 1658 976 1726 di
997 1658 1139 1746 νεύρων.
1180 1655 1263 1726 ῶστε
1287 1665 1372 1736 ίσως

210 1764 228 1836 ὁ
252 1769 375 1835 τοῦτον
397 1763 458 1833 τὸν
485 1763 589 1850 λόγον
619 1763 859 1853 εἰσηγούμενος
886 1762 965 1834 ούὸὲ
995 1764 1035 1834 τίι
1058 1765 1272 1854 βλαστήματα
1300 1767 1372 1833 τῶν

144 1875 364 1960 ὅξῖὸίνὸρων
387 1867 467 1942 οὐδὲ
491 1870 530 1939 τὰ
550 1873 674 1957 πέρατα
697 1875 766 1940 τῶν
784 1875 885 1956 ῥιζῶν
908 1871 1099 1961 αἰσχύνεται
1123 1875 1233 1962 λε’γειν
1256 1869 1372 1962 ἀρξχίις

171 1999 198 2040 ¹⁵
211 1985 273 2052 τοῦ
302 1984 422 2068 φυτοῦ.
471 1985 580 2048 καίτοι
608 1979 648 2047 τά
677 2005 712 2066 γε
740 1981 865 2066 πέρατα
892 1985 961 2049 τῶν
989 1983 1089 2067 ῥιζῶν
1116 1979 1214 2068 ἀρχαί
1241 1983 1373 2068 τροφῆς

210 2092 273 2157 τοῦ
296 2089 443 2174 δένδρου
466 2086 606 2156 δύναιτο
629 2081 674 2155 ἀν
700 2090 857 2173 λέγεσθαι
882 2095 1120 2176 παραπλησίως
1141 2105 1215 2169 ταῖς
1237 2093 1284 2168 είς
1306 2086 1371 2174 τὴν

250 2351 264 2398 1
289 2343 483 2427 ομιτρίνοττμι
507 2339 545 2395 Μ.
573 2371 615 2424 '.
636 2344 653 2395 4
677 2341 793 2422 μείζονμ
816 2339 897 2395 codd.
921 2339 984 2395 edd.
1008 2345 1104 2413 μεῖζον
1126 2359 1186 2398 nos.
1215 2373 1247 2383 -
1277 2341 1372 2399 815·

211 2413 297 2481 τριῶν
316 2413 344 2468 ll
363 2413 420 2467 τῶν
438 2415 531 2498 αλλων
549 2433 635 2480 τριων
655 2411 797 2474 nucum
817 2413 852 2467 el.
868 2413 953 2468 Proll.
972 2431 1000 2483 p.
1015 2421 1057 2470 37.
1079 2445 1110 2455 -
1133 2421 1165 2469 12
1185 2411 1218 2469 τὸ
1237 2413 1269 2469 dt
1288 2416 1371 2488 μυῶν

211 2483 347 2541 MABCh
366 2504 391 2542 τ.
410 2485 436 2538 δ.
456 2502 569 2552 τευρων
588 2482 667 2538 Corn.
688 2483 721 2540 K.
741 2513 774 2524 -

213 2741 288 2807 inde
307 2741 427 2806 merito
447 2743 636 2825 augescunt,
659 2737 716 2804 ulii
738 2745 852 2804 contra
875 2739 1018 2808 inritos
1038 2741 1162 2809 diducti
1181 2743 1370 2813 deminuun-

212 2855 276 2916 tur.
321 2847 440 2914 Nullus
464 2851 573 2912 autem
599 2845 716 2912 lluvius
740 2869 778 2912 ex
802 2869 866 2914 uno
891 2855 1018 2916 tantum
1042 2851 1133 2918 fonte
1156 2859 1249 2922 ortus
1272 2863 1371 2943 caput

214 2979 309 3023 suum
338 2955 455 3022 exilius
484 2953 631 3039 reliquis,
662 2977 743 3040 quoe
773 2957 1029 3042 subsequuntur,
1057 2959 1169 3046 hubct3
1199 2963 1255 3028 sed
1279 2965 1307 3030 si
1331 2987 1369 3030 ex

213 3063 363 3151 pluribus
390 3063 539 3130 fontibus
568 3062 749 3148 colligitur,
782 3071 1035 3133 consentaneum
1063 3075 1113 3134 cst
1140 3075 1246 3136 totum
1277 3072 1369 3140 illum

215 3171 441 3238 collectionem
467 3169 606 3255 singulis
636 3170 783 3236 fontibus
807 3173 966 3240 maiorem
995 3197 1076 3241 esse.
1121 3175 1244 3244 Verum
1267 3181 1368 3246 mino

215 3279 279 3346 hoc
303 3277 462 3366 exemplo,
485 3279 513 3344 si
538 3277 782 3344 inanimalium
806 3303 943 3364 corpore
963 3281 1091 3348 minore
1111 3307 1189 3350 ruso
1209 3287 1369 3354 maiorum

215 3409 286 3452 esse
305 3387 400 3454 initia
420 3391 613 3456 statuemus.
631 3386 717 3450 ratio
737 3409 844 3452 secum
864 3387 938 3472 ipsu
957 3391 1128 3476 pugnabit,
1147 3395 1268 3480 quippe
1287 3419 1370 3482 qunc

216 3493 251 3560 iu
274 3493 421 3578 quolibet
440 3493 589 3578 corporis
609 3493 756 3560 membro
780 3495 941 3580 originem
960 3519 1031 3562 esse
1055 3501 1156 3566 trium
1175 3501 1371 3572 irmtrumen·

184 3601 188 3606 '
216 3604 334 3686 torum,
358 3601 506 3683 arteriae,
529 3599 631 3684 nervi,
654 3621 764 3682 venae,
788 3603 952 3667 affirmare
976 3613 1128 3692 cogatur,
1157 3613 1195 3674 ut
1218 3611 1291 3678 calx
1314 3619 1373 3677 cut

217 3705 353 3792 digitus,
386 3707 413 3772 si
446 3708 495 3773 itn
527 3707 604 3776 sert.
637 3707 799 3772 maximae
832 3709 970 3775 arteriae
1003 3719 1036 3776 et
1073 3736 1172 3780 cavae
1204 3740 1305 3784 renue
1339 3725 1373 3784 et

217 3812 356 3898 spinalis
380 3813 541 3879 medullae
565 3813 765 3899 principium
789 3818 847 3902 εἰη
875 3825 942 3882 tres
967 3821 1053 3886 enim
1082 3821 1144 3888 hue
1167 3825 1375 3907 arteriarum

217 3939 373 3986 renerum
396 3942 634 4007 nervorumque
658 3925 750 4008 quasi
776 3927 882 3992 trunci
906 3925 1038 4012 quidum
1061 3934 1146 3998 sunt.
1194 3931 1286 4000 Unde
1308 3936 1376 4004 for·

218 4028 384 4124 tasse,·qui
399 4029 560 4094 rationem
574 4030 673 4094 istum
688 4031 875 4118 introducit,
895 4036 921 4100 is
937 4059 1040 4122 neque
1056 4041 1209 4106 orborum
1224 4045 1376 4128 germino

217 4153 321 4218 neque
337 4139 497 4201 extremus
517 4137 642 4202 radices
663 4141 823 4226 principie
844 4143 996 4228 stirpium
1012 4147 1178 4232 appellare
1199 4149 1375 4218 verebitur.

217 4237 420 4326 Quemquam
441 4243 663 4310 extremitates
683 4249 829 4314 radicum
849 4251 913 4316 dici
937 4253 1067 4338 quidem
1087 4263 1225 4341 possunt
1242 4257 1375 4326 arboris

110 4353 118 4368 '
216 4347 365 4416 alimenti
388 4349 563 4438 principia,
586 4355 720 4438 perinde
743 4381 780 4424 nc
805 4381 916 4444 renue,
939 4385 1022 4446 quoe
1045 4363 1080 4428 iu
1103 4369 1250 4432 ventrem
1269 4367 1375 4452 perti·
