3048 5036
620 481 662 494 -
713 443 775 511 rso
822 481 864 492 --

147 633 247 688 τινες
272 603 444 694 ἀρτηριῶν
471 601 489 694 ἢ
513 607 649 694 φλεβῶν
673 609 927 674 θιασπασθείεν.
974 631 1061 675 ουτω
1091 605 1127 674 dl
1151 602 1229 674 ndat
1255 609 1323 674 τῶν

150 715 439 804 τιτρωσκομένων
472 711 554 784 κατά
583 711 646 802 την
670 717 814 800 infern
843 717 905 782 τοὺ
930 721 1090 783 νωτιαίου
1117 717 1210 800 βοῶν
1233 709 1322 800 εὑρί-

152 827 278 894 σκεταί
304 847 383 892 ποτε
413 821 656 910 θιαὸιθιίμενον
690 829 738 902 είς
771 849 846 890 τινα
878 825 946 890 τῶν
979 829 1156 910 προσθίων
1185 825 1324 892 κοιλιῶν

152 927 253 1020 αἷμα.
298 931 351 1000 καλ
382 927 486 1000 oridia
514 927 594 1000 adol
624 931 773 999 ἐνταῦθα
807 925 1007 1018 θαυμαστὸν
1035 927 1138 1018 αὐτῆς
1165 933 1224 1017 τῆς
1251 925 1323 999 ὀπι-

154 1045 266 1110 σθίου
289 1046 418 1120 κοιλίας
440 1038 707 1126 τιτρωσκομένης
734 1039 787 1106 καί
818 1041 953 1106 πολλῶν
979 1037 1032 1105 καί
1058 1037 1215 1126 μεγάλων
1238 1035 1350 1128 αὐτην

154 1147 505 1234 συντιτρωσκομένων
534 1145 680 1234 ἀγγείων
703 1143 925 1232 ἀφικνεῖσθαί
949 1171 1027 1214 ποτε
1053 1147 1105 1213 καί
1136 1148 1230 1234 μέχρι
1254 1148 1324 1215 τῶν

154 1261 341 1340 προσθίων
369 1252 406 1324 τὸ
436 1251 528 1344 αἷμα.
578 1253 718 1324 ὀάναιτο
749 1255 784 1323 dl
814 1251 857 1324 ἀν
886 1257 993 1323 ε’νίοτε
1021 1253 1074 1322 καί
1104 1253 1217 1346 βρόχῳ
1248 1279 1324 1322 κνι-

159 1365 283 1454 γεύτος
309 1365 371 1432 τοῦ
401 1363 487 1456 ζῶον
522 1363 577 1432 ded
607 1362 669 1452 την
703 1359 983 1450 ι’·περβάλλοιισαν
1010 1367 1090 1449 βίαν
1118 1363 1268 1450 ῥαγῆναί
1291 1388 1321 1430 τι

156 1477 230 1544 τῶν
258 1469 341 1540 κατά
364 1469 426 1540 τὸν
454 1471 641 1558 ίγκίφαλον
667 1469 828 1561 ἀγγείων.
859 1465 913 1540 οἷα
942 1469 984 1559 θη
1013 1468 1173 1549 πολλάκις
1205 1465 1320 1557 ίιρίιται

157 1581 326 1671 γινόμενα
360 1579 415 1649 καὶ
443 1573 523 1646 καθ’
554 1575 673 1648 ὁτιοῦν
700 1579 782 1648 άλλο
815 1581 916 1668 με’ρος
943 1575 1009 1648 ὑπὸ
1037 1577 1193 1666 πλήθους
1226 1579 1364 1665 αίμα-ιο

157 1717 219 1770 τος
244 1685 263 1776 ’l
288 1687 414 1776 χύσεως
437 1683 687 1774 ἀναρραγείτος
714 1684 866 1774 ἀγγείου·
891 1693 922 1756 εί
944 1687 979 1756 di
1004 1689 1042 1756 ἐν
1068 1685 1164 1754 {loen
1188 1690 1322 1772 πνιγειίγ

157 1797 199 1868 τὸ
227 1801 322 1890 ζῷον,
346 1792 408 1866 οὐκ
432 1789 475 1863 ἀν
503 1791 628 1882 ὁμοίως
651 1791 789 1882 ἀγγεῖον
818 1798 944 1883 ῥαγείη.
990 1793 1072 1864 κατά
1100 1793 1215 1884 μεύτοι
1243 1789 1324 1873 τοὺς

157 1907 287 1987 ἄλλους
318 1903 468 1985 άκαντας
504 1901 677 1983 θανάτους
712 1905 782 1971 τῶν
824 1903 918 1996 ζῴων
955 1899 1017 1972 οὐκ
1054 1897 1098 1970 ἀν
1136 1901 1249 1989 εὕροις
1285 1902 1323 1968 ἐν

159 2011 352 2102 ἐγκεφάλου
375 2017 486 2102 κοιλίᾳ
514 2009 753 2111 περιεχόμενον
776 2011 948 2098 θρόμβον,
976 2009 1087 2097 ῶσπερ
1116 2012 1154 2079 ἐν
1181 2013 1221 2100 τῇ
1244 2035 1323 2096 καρ-

157 2125 221 2212 clip
259 2117 315 2189 6ιά
357 2118 490 2200 παντός.
547 2114 630 2186 ἀλλά
663 2117 702 2186 ric
736 2119 799 2206 plu
823 2125 828 2208 l
854 2121 905 2188 ε’πὶ
943 2123 1012 2187 τῶν
1048 2117 1248 2187 τεθνεῶτων
1285 2119 1321 2185 lu
1335 2136 1389 2193 184

156 2233 356 2312 περιουσίας
397 2231 559 2317 είρησθαί
596 2252 653 2315 μοι
696 2231 795 2297 douai.
856 2227 1008 2316 ἐπάνειμι
1051 2227 1087 2296 dl
1131 2217 1233 2306 αὖθις
1270 2225 1321 2294 ε’πλ
1339 2245 1364 2286 1⁶

159 2341 270 2422 ζῶντα
306 2338 371 2430 ζῶα
400 2337 456 2406 καὶ
485 2339 643 2424 θείκνυμί
673 2357 727 2405 σοι
761 2343 997 2426 γυμνωθείσης
1024 2339 1083 2425 της
1108 2337 1251 2424 καρδίας
1281 2329 1324 2402 οὐ

198 2581 216 2630 6
236 2567 426 2638 ἀφικνεῖσθαι
447 2569 515 2627 morl
536 2571 557 2626 C
576 2571 634 2628 (lui.
655 2565 850 2638 ἀρικνείσθαί
867 2569 959 2627 κ.01ι.
982 2603 1012 2614 -
1036 2577 1069 2626 1⁶
1089 2562 1247 2632 denudaris
1261 2565 1323 2624 CK

157 2641 322 2708 σιάκαντος
340 2643 398 2700 Cui.
419 2643 459 2700 Cb
479 2639 527 2700 dul
548 2639 733 2708 noetianos.
753 2675 788 2686 -

158 2905 247 2972 quas
271 2883 306 2950 in
329 2905 368 2948 ea
391 2886 477 2966 sunt,
500 2885 616 2968 ruptae
639 2881 772 2948 fuerint.
816 2880 908 2949 Idem
932 2884 966 2949 in
991 2883 1097 2950 bobus
1122 2882 1244 2966 evenit,
1267 2881 1323 2967 qui

159 2995 195 3060 in
223 2995 338 3057 exortu
366 2989 454 3056 dorsi
479 2989 641 3055 medullae
669 2989 896 3076 vulnerantur,
923 2997 958 3058 ut
984 2992 1117 3074 sanguis
1147 2989 1323 3076 aliquando

159 3099 348 3186 reperiatur
379 3097 414 3164 iu
448 3097 591 3183 aliquem
621 3119 660 3162 ex
693 3099 914 3166 anterioribus
952 3099 1143 3165 ventriculis
1175 3097 1324 3164 diffusus.

160 3211 214 3276 Ae
231 3231 274 3274 ne
297 3205 352 3274 bic
375 3205 507 3294 quidem
531 3205 665 3288 mirum,
689 3205 716 3270 si
741 3207 923 3292 posteriora
947 3207 1129 3273 ventriculo
1153 3205 1323 3272 vulnerato

160 3319 197 3382 et
216 3313 315 3380 simul
335 3335 406 3380 erun
428 3336 465 3378 εει
486 3313 600 3378 multis
624 3335 661 3378 ue
681 3315 811 3400 maguis
830 3317 919 3382 rusia
943 3313 1085 3402 diruptis
1105 3313 1240 3403 sanguis
1264 3313 1323 3378 ali·

159 3419 293 3512 quaudo
316 3444 419 3506 usque
443 3421 483 3488 ad
508 3421 689 3486 anteriores
715 3427 874 3508 penetrat.
911 3421 1026 3490 Potest
1050 3423 1151 3489 etiam
1175 3443 1323 3488 nonuun-

159 3553 262 3618 quam
285 3529 420 3596 auimali
444 3529 562 3617 laqueo
588 3529 747 3596 suffocato
773 3531 852 3616 lieri,
876 3537 911 3597 ut
935 3537 1072 3618 propter
1093 3529 1231 3597 nimiam
1254 3527 1324 3595 rio·

159 3637 300 3706 lentiam
319 3659 377 3702 ras
397 3635 529 3724 aliquod
549 3637 672 3702 eerebri
693 3650 874 3723 rumpatur.
898 3641 993 3726 quale
1013 3641 1203 3726 plerumque
1223 3635 1323 3702 etium

160 3746 199 3816 in
222 3745 338 3834 queris
363 3745 427 3810 aliu
457 3749 550 3830 parte
574 3743 724 3812 ridemus
751 3745 910 3816 nee-idere.
938 3771 1011 3814 eum
1039 3747 1209 3836 sauguinis
1229 3745 1324 3832 copia

160 3855 215 3920 rel
240 3853 369 3922 fusione
392 3857 525 3938 ruptum
550 3875 608 3917 ras
628 3852 760 3939 aliquod
780 3855 893 3942 l1u·ril;
918 3861 954 3920 at
977 3855 1056 3921 siin
1078 3877 1164 3943 aqua
1187 3853 1324 3922 suffoco·

163 3969 236 4030 tum
261 3961 383 4028 animal
412 3959 492 4044 erit,
519 3982 585 4026 nou
614 3961 715 4028 simili
747 3963 845 4027 modo
876 3963 983 4050 rumpi
1012 3987 1071 4029 ras
1101 3961 1234 4050 poterit
1283 3961 1324 4028 Iu

161 4069 317 4138 omuibus
341 4073 451 4134 autem
476 4067 550 4134 aliis
575 4069 692 4134 mortis
716 4069 909 4137 uniuralium
932 4071 1106 4158 generibus
1131 4069 1324 4158 sanguinem

161 4179 197 4246 iu
222 4177 347 4246 cerebri
372 4177 555 4244 ventriculo
578 4199 754 4264 nunquam,
779 4183 817 4242 ut
840 4179 875 4244 iu
898 4177 995 4245 eorde
1019 4201 1157 4266 semper,
1181 4201 1252 4244 esse
1276 4177 1324 4244 in-

160 4285 285 4353 venies.
323 4283 387 4352 Sed
411 4284 450 4352 de
473 4285 525 4370 iis,
548 4307 632 4372 quae
656 4285 690 4351 in
710 4285 850 4352 mortuis
875 4293 1060 4372 cernuntur,
1083 4285 1324 4354 exabundanti

160 4393 247 4462 mihi
270 4391 392 4460 dixisse
415 4391 538 4461 videor.
584 4391 694 4460 Redeo
718 4393 759 4460 ad
783 4393 857 4459 riva
881 4393 1038 4460 animalia
1067 4417 1105 4460 ac
1128 4395 1191 4462 tibi
1215 4401 1323 4462 osten·

161 4499 240 4568 dum
263 4498 427 4570 σωσάτω
451 4499 548 4570 eorde
577 4503 770 4590 sauguinem
794 4501 909 4568 statim
932 4501 1101 4590 profundi,
1126 4523 1194 4568 nou
1216 4501 1322 4570 solum
