2992 5034
685 267 1033 416 -ιιιιμᾨ

227 493 332 578 θηρία
359 485 443 579 μήτε
474 485 515 554 τὰ
544 484 654 574 βρέφη
684 483 740 552 καὶ
773 482 858 570 πρὸς
888 485 957 552 τῶν
986 481 1062 572 περὶ
1093 479 1157 552 τὸν
1190 482 1393 572 Χρύσιππον

227 595 454 686 ἀμολόγηται·
489 591 527 663 τὸ
562 592 600 661 ol
631 589 696 661 ἀπὸ
728 591 905 690 ὸυνάμειός
934 617 1029 672 τινος
1060 591 1175 680 ἑτέρας
1205 593 1294 682 παρὰ
1322 591 1393 663 τὸν

227 703 393 794 λογισμὸν
416 703 468 772 ἐπὶ
491 699 555 790 τὴν
577 697 766 770 ἀπόλαυσιν
788 690 840 768 ὧν
867 701 1096 788 ἐπιθυμοῦσιν
1122 705 1279 788 ἔρχεσθαι
1306 701 1395 770 ποτε

227 811 290 900 μὲν
313 808 553 901 ὁμολογοῦσιν,
577 813 669 877 ἔστιν
691 805 746 876 ὅτε
770 807 808 876 δὲ
831 802 1017 894 ἀρνοῦνται
1040 810 1292 896 περιπλέκοντες
1312 807 1395 878 ἀνω

200 921 282 989 ικαὶ
305 919 394 990 κάτω
416 916 497 998 τοὺς
518 916 642 1005 λόγους
669 916 749 986 ἐνὸν
772 912 818 996 ὦς
844 919 973 1004 ἄνδρας
1000 915 1141 1004 ἐραστὰς
1167 915 1327 1006 ἀληθείας
1355 921 1396 988 ἐκ

226 1035 408 1118 προχείρου
435 1031 693 1112 συλλογίζεσθαι
716 1023 865 1113 όόναμίν
891 1053 969 1094 τινα
995 1021 1160 1112 ῦπάρχειν
1181 1024 1307 1114 ἄλογον
1332 1029 1393 1096 ἐπὶ

225 1135 291 1224 τὴν
311 1139 375 1204 τοῦ
395 1132 546 1222 πόματος
567 1131 757 1202 ἀπόλαυσιν
778 1131 932 1220 ἄγουσαν
954 1129 997 1202 mi
1016 1132 1058 1201 τὰ
1081 1131 1277 1222 βοσκήματα
1298 1133 1395 1222 μόνα

226 1245 282 1313 καὶ
305 1241 386 1324 τοὺς
408 1246 542 1325 παῖδας,
564 1237 648 1310 ἀλλά
672 1241 728 1309 καί
750 1239 831 1320 τοὺς
857 1241 1068 1330 βοσκήμασιν
1090 1238 1233 1330 ὁμοίους
1253 1239 1395 1330 ἀνθρώ-

226 1377 320 1432 πους.
372 1355 421 1432 εἰς
450 1349 514 1439 μὶν
542 1340 607 1418 οῦν
628 1347 692 1436 τὴν
723 1347 885 1436 τοιαύτην
917 1345 1092 1432 ἀπόδειξιν
1118 1347 1136 1419 ό
1170 1349 1272 1437 λόγος
1303 1347 1396 1440 ἡμᾶς

187 1458 332 1548 ιοῆγαγε
351 1459 520 1546 προτέραν
543 1460 576 1540 ἐξ
599 1454 807 1537 ἀκολουθίας
828 1455 922 1537 τινὸς
945 1453 987 1526 οῦ
1009 1455 1133 1545 σμιπρά
1157 1463 1395 1528 συντελοῦσαν

226 1563 309 1637 οῦδὲ
331 1564 440 1654 αὐτὴν
461 1581 535 1646 ταῖς
558 1563 623 1635 ὑπὸ
646 1569 708 1634 τοῦ
727 1564 910 1644 Πλάτωνος
928 1567 1134 1654 λεγομέναις.
1170 1565 1224 1634 ἐπὶ
1248 1566 1286 1635 δὲ
1309 1565 1394 1648 τοὺς

206 1672 293 1763 ἤδη
315 1681 463 1753 τελείους
489 1673 618 1761 ἀνδρας
645 1670 687 1742 οὐ
714 1672 797 1741 κατὰ
824 1673 888 1760 τὴν
912 1669 1045 1762 ἡλικίαν
1067 1672 1193 1761 μόνον,
1221 1669 1308 1742 ἀλλά
1333 1677 1392 1743 καί

158 1783 310 1858 usam&
338 1785 345 1872 1
373 1780 436 1852 τὸν
461 1780 626 1870 λογισμὸν
657 1777 857 1869 ἀφικόμενοι
890 1785 936 1874 τῷ
966 1779 1057 1874 λόγῳ
1087 1781 1297 1870 θεασόμεθα
1324 1781 1393 1871 ἣθιγ

226 1889 290 1980 τὴν
312 1892 351 1960 ἐν
373 1887 489 1970 αὐτοῖς
510 1887 622 1977 μάχιγν
644 1891 704 1975 τῆς
724 1896 915 1977 λογιστικῆς
933 1888 1111 1978 δυνάμεως
1131 1887 1218 1978 πρὸς
1233 1891 1300 1978 τὴν
1322 1892 1394 1960 ἔπι·

187 2021 213 2062 τε
226 1997 421 2089 θνμητικὴν
443 2003 538 2066 ἔατε
562 1995 678 2076 νόσοις
700 1996 756 2064 καὶ
780 1993 896 2076 ἀλλοις
917 2004 1058 2078 πολλαῖς
1079 1997 1330 2087 περιστάσεσιν,
1352 2003 1395 2067 ίν

227 2101 283 2188 αἷς
300 2103 395 2178 οῦτοι
414 2109 511 2175 δοκεῖ
525 2101 643 2191 καιρὸς
666 2101 752 2172 εἶναι
772 2105 1026 2194 προσφέρεσθαι
1043 2105 1136 2194 πόμα
1153 2102 1216 2175 τὸν
1234 2110 1393 2187 tricina

265 2331 278 2380 1
303 2319 375 2394 πρὸς
397 2323 454 2410 tois
481 2321 597 2406 ultan
620 2340 666 2391 πρ.
690 2315 806 2409 τόκὴῦλι
832 2341 879 2405 πρ.
902 2317 970 2386 τοῦς
992 2321 1030 2388 Ka
1049 2323 1096 2408 ⁸ci.
1118 2322 1206 2379 Proll.
1232 2341 1262 2395 p.
1285 2331 1330 2380 an
1352 2355 1391 2367 ...

227 2394 332 2452 snos}
352 2393 406 2467 pla
424 2395 567 2522 ‘’fllffl
586 2393 618 2448 L.
638 2423 672 2434 —
697 2397 863 2461 ὀαιιγθους
881 2394 913 2484 lu.
933 2423 966 2435 -
991 2400 1080 2464 ἰτηκ
1097 2411 1153 2482 opu.
1172 2393 1211 2451 Η,
1234 2425 1270 2436 -
1294 2415 1391 2468 up..

226 2487 275 2532 τος
298 2467 378 2524 codd.
397 2465 434 2523 ed
485 2483 613 2538 ποματος
637 2479 698 2520 nos.
722 2493 756 2506 -
780 2471 796 2520 9
816 2463 845 2520 εί
861 2485 914 2536 μεν
933 2465 964 2524 L.
991 2497 1026 2508 -
1052 2473 1085 2522 10
1108 2485 1124 2522 ο
1144 2461 1175 2532 ἐξ
1194 2466 1334 2524 ,incure
1353 2500 1390 2510 -

228 2545 262 2597 18
275 2533 451 2611 θεασόμεθα
461 2538 491 2594 L.
507 2569 541 2580 -
558 2543 591 2593 11
606 2534 638 2593 lv
652 2553 708 2593 om.
723 2535 867 2593 nuncu.
877 2566 913 2579 -
926 2533 1101 2609 αἰσθητικὴν
1114 2555 1166 2610 pro
1181 2533 1301 2610 ίπιθυμ
1310 2539 1341 2596 L.
1351 2571 1389 2584 -

226 2762 389 2846 reputant
434 2757 565 2824 Bestias
589 2755 720 2842 quidem
744 2761 777 2820 ct
800 2755 944 2824 infantes
966 2757 1096 2823 ratione
1118 2779 1185 2825 non
1212 2759 1263 2824 uti
1286 2757 1389 2826 eliam

227 2863 423 2953 chrysippei
466 2887 579 2932 omnes
617 2865 840 2948 consentiunt,
882 2865 1014 2930 incitari
1056 2885 1134 2932 vero
1173 2887 1193 2931 a
1230 2866 1388 2934 facultate

226 2973 357 3040 diversa
380 2997 400 3040 a
423 2973 552 3038 ratione
576 2971 617 3037 ad
640 2972 778 3038 fruenda
801 2995 854 3044 ea.
883 2993 967 3058 quae
990 2973 1139 3059 cupiunt,
1161 2975 1260 3042 modo
1284 2975 1386 3042 laten·

225 3085 294 3168 tur,
326 3081 423 3148 modo
456 3103 586 3146 sursum
618 3079 779 3150 deorsum
803 3082 987 3148 orationem
1019 3081 1228 3166 implicantes
1255 3089 1386 3170 negant,
1426 3123 1433 3132 ·

227 3211 301 3256 cnm
320 3189 459 3276 possint,
476 3193 515 3254 nt
532 3189 685 3254 recitatis
704 3188 870 3254 studiosos
889 3189 993 3272 decet,
1011 3192 1141 3276 promte
1159 3191 1384 3258 ratiocinando

227 3296 382 3384 colligere
411 3297 478 3363 rim
506 3296 669 3384 quandam
693 3317 764 3361 esse
792 3297 1033 3382 irrationalem,
1059 3319 1144 3384 quac
1172 3297 1212 3363 ad
1240 3299 1383 3384 potionis

226 3406 431 3492 voluptatem
453 3427 521 3471 non
547 3404 687 3490 pecudes
714 3409 845 3470 tantum
869 3409 902 3470 et
930 3427 1049 3492 pueros
1078 3405 1244 3493 impellat,
1273 3429 1383 3474 acrum

227 3515 327 3581 etiam
355 3535 411 3580 eos
439 3513 604 3598 homines,
631 3513 689 3598 qui
716 3513 877 3597 pecudum
906 3535 996 3580 more
1023 3515 1129 3580 vitam
1156 3515 1290 3602 degunt
1332 3515 1383 3580 sd

225 3623 312 3690 hanc
334 3622 478 3708 primam
497 3621 813 3688 demonstrationem
832 3622 940 3688 oratio
959 3643 976 3688 e
996 3621 1228 3690 consecutione
1246 3623 1383 3710 quadam

226 3753 287 3800 nos
306 3729 450 3815 deduxit,
472 3751 556 3817 qnae
575 3735 609 3794 et
632 3731 705 3814 ipsa
724 3729 765 3794 ad
785 3751 850 3814 eas,
872 3751 956 3816 quae
975 3753 996 3796 a
1013 3729 1151 3798 Platona
1170 3729 1279 3798 (lictae
1301 3735 1383 3811 sunt,

226 3861 295 3907 non
321 3859 459 3926 parrum
487 3841 690 3904 momentum
719 3839 835 3903 aliene
864 3838 1001 3904 ridetur.
1051 3837 1215 3916 Quoniam
1242 3859 1321 3906 sero
1341 3839 1381 3904 ad

228 3947 316 4013 viros
340 3945 502 4032 perlectos
525 3967 593 4013 non
616 3949 724 4010 aetate
748 3949 892 4030 tantum,
921 3943 977 4010 sed
1001 3947 1104 4012 etiarn
1126 3945 1255 4013 ratione
1277 3945 1383 4032 dispu-

215 4056 313 4122 'tatio
336 4059 452 4121 nostra
475 4053 638 4138 persenit,
661 4055 728 4119 iam
752 4059 937 4137 spectemus
965 4076 1111 4141 pugnam
1133 4055 1169 4121 in
1191 4055 1233 4120 iis
1255 4056 1382 4123 ratioci-

227 4163 339 4230 nantis
362 4161 464 4230 animi
486 4162 656 4228 facultatis
679 4183 753 4226 cum
773 4163 1023 4248 concupiscente
1046 4163 1082 4229 in
1100 4161 1225 4232 morbis
1247 4163 1384 4252 aliisque

229 4271 342 4336 multis
375 4269 633 4354 condicionibus,
665 4271 700 4334 in
732 4269 849 4355 quibus
880 4271 1026 4337 nondum
1054 4273 1290 4358 tempestivum
1316 4297 1383 4342 esse

228 4377 358 4446 ridetur
380 4378 430 4444 cel
455 4379 622 4445 sitientem
644 4379 815 4465 potionem
838 4381 889 4446 rel
907 4379 1106 4447 esurientem
1124 4381 1236 4448 cibum
1259 4405 1384 4452 sumere
