3024 5022
684 214 839 280 -368
887 251 929 262 ·-

225 403 295 446 των
331 375 395 463 μὲν
430 371 612 462 σι’·δίτερον
651 371 828 460 ὑπέμεινας
864 378 971 442 εἰπεῖν
1011 371 1216 461 ιιίιλσάμειως
1249 373 1392 440 ἐναντία

226 485 337 571 λίγειν
360 498 431 564 τοῖς
453 485 602 570 ἐναργῶς
620 481 851 569 φαινομένοις,
875 477 977 560 αὐτὸς
999 481 1036 550 δὲ
1059 479 1144 568 πρὸς
1161 478 1265 549 αὑτὸν
1285 479 1393 547 ε’ναν-

226 591 422 679 τισλογσίιμε
429 617 485 671 νος
508 587 571 660 οὐκ
589 588 738 678 αἰσθάνῃ
757 589 848 674 παρὰ
867 588 928 658 τὸν
945 589 1052 676 λόγον
1069 595 1225 676 γίνεσθαι
1244 585 1394 676 φάσκων

164 713 168 720 ’
225 695 320 778 τινάς
347 695 497 786 κινήσεις
528 699 582 766 καὶ
616 695 851 784 ἀπεστράφθαι
885 696 946 765 τὸν
969 697 1075 784 λόγον
1103 697 1159 766 καί
1187 693 1394 784 άφιρνιάζειν

198 803 332 876 ιαῦτὸν
354 803 492 875 κάπειτα
515 805 659 894 σμικρὸν
688 804 828 892 ὕστερον
855 803 914 886 τάς
936 801 1040 885 αιἰτάς
1061 805 1185 885 ταύτας
1209 802 1272 874 ὑπὸ
1294 811 1394 890 λογι-

224 917 285 1003 κῆς
312 921 469 1003 γίνεσθαι
497 912 672 1000 δυνάμεως
700 911 851 999 φάσκειν.
901 911 919 1001 ἡ
948 912 985 981 δὲ
1013 911 1097 1001 ariri)
1130 911 1220 1000 μάχη
1246 909 1309 980 κάν
1334 915 1393 1002 τῷ

225 1030 351 1112 κρίσεις
373 1049 408 1092 τε
431 1019 575 1110 φάσκειν
599 1019 683 1090 εἶναι
714 1020 871 1109 τὰπάθη
895 1025 953 1108 τῆς
984 1024 1090 1109 ψυχῆς
1113 1020 1168 1088 καὶ
1193 1019 1294 1106 χωρλς
1314 1025 1395 1102 κρί-

156 1147 310 1212 abeonae
329 1131 335 1222 Ι
356 1138 523 1219 γίνεσθαι.
568 1130 631 1217 τὴν
658 1127 721 1216 μὲν
748 1120 812 1198 οὖν
840 1129 876 1197 εἰι
905 1132 968 1197 τοῦ
994 1127 1131 1214 πρῶτον
1157 1129 1232 1216 περλ
1263 1129 1395 1194 παθεῖν

225 1241 336 1328 ῥῆσιν,
360 1243 447 1308 ἔνθα
470 1237 577 1326 φησὶν
595 1237 696 1324 χωρῖς
714 1245 854 1323 κρίσεως
877 1243 1032 1323 γίνεσθαι
1057 1234 1223 1324 τὰπάθη,
1245 1235 1395 1320 παρεθέ-

186 1369 211 1406 10
224 1373 293 1434 μην
320 1351 524 1434 ἔμπροσθεν.
578 1343 628 1414 ὅτι
663 1343 700 1414 ot
733 1345 787 1412 καὶ
821 1343 904 1412 κατὰ
931 1342 968 1412 τὸ
1005 1341 1252 1432 θεραπευτικὸν
1279 1339 1394 1411 αὑτοῦ

224 1457 360 1542 βιβλίον
394 1449 426 1539 [ὃ
460 1453 502 1541 δὴ
536 1453 591 1520 καί
628 1450 750 1540 ἠθικὸν
787 1451 1018 1540 ἐπιγράφεται]
1058 1455 1117 1538 τῆς
1148 1449 1252 1540 αὐτῆς
1286 1449 1397 1538 δόξης

224 1565 343 1649 ἔχεται,
366 1569 493 1650 μαθεῖν
515 1564 646 1628 ἔνεστιν
675 1560 710 1628 ἐκ
733 1563 833 1647 τῆσδε
857 1563 915 1648 τῆς
939 1558 1078 1647 ῥήσεως·
1102 1556 1162 1629 ‘ori
1185 1559 1251 1648 γάρ
1278 1561 1316 1628 εἰ·
1338 1563 1392 1652 τῷ

225 1671 366 1755 ’κρίνειν
394 1665 509 1756 άγαθίι
537 1668 658 1735 ἕκαστα
685 1667 817 1736 τούτων
844 1669 972 1754 λέγεται
997 1664 1243 1756 ἀρρωστήματα
1270 1671 1393 1738 ταῦτα.

224 1772 320 1845 ‘dett
343 1775 427 1846 κατίι
451 1774 487 1844 τὸ
513 1775 564 1843 ε’πὶ
588 1777 691 1844 πλέον
716 1777 957 1844 ἐκπεπτωκέναι
981 1773 1066 1860 πρὸς
1088 1779 1193 1844 ταῦτα
1215 1779 1278 1845 τοῦ
1300 1775 1391 1844 κατὰ

185 1907 209 1946 1³
224 1883 363 1971 ‘uriom’
409 1892 490 1964 ίσως
513 1883 550 1951 ὑὲ
573 1881 617 1951 άν
639 1909 731 1964 τινος
754 1886 804 1953 ‘iv
826 1887 904 1974 τῇδε
928 1887 968 1974 τῇ
992 1881 1099 1972 ciriae?
1122 1885 1281 1966 λεξαντος
1303 1879 1390 1953 ‘or'vx

223 1987 423 2080 άπεστίρηκε
446 1991 508 2080 μὲν
531 1995 592 2060 τοῦ
620 1998 733 2075 κρίσιν
755 1989 841 2060 εἶναι
870 1991 907 2061 τὸ
932 1989 1152 2080 άρριόστημα.
1181 1987 1224 2060 ori
1251 1992 1320 2080 μὴν
1347 1993 1392 2061 ἐν

223 2096 307 2190 αὐτῇ
336 2126 373 2188 γε
401 2099 490 2190 μόνῃ
514 2103 554 2191 τῇ
584 2106 703 2178 oenoe?
728 2106 834 2186 κρίσει
858 2098 921 2188 τὴν
947 2101 1082 2186 γένεσιν
1109 2096 1217 2169 αὐτοῦ
1244 2107 1394 2188 τίθεται,

260 2324 276 2373 6
295 2310 351 2371 κάν
370 2312 403 2371 ἓν
422 2315 502 2372 codd.
522 2315 586 2372 edd.
605 2311 661 2370 κάν
681 2317 741 2370 siue
761 2310 793 2371 ἰν
811 2333 876 2380 αοες
895 2315 930 2370 ci.
950 2314 1035 2370 Proll.
1054 2333 1082 2386 p.
1103 2323 1163 2371 111.
1183 2346 1217 2356 -
1240 2321 1274 2370 10
1292 2311 1391 2372 αάτοῦ

222 2387 364 2444 Manen.
381 2419 413 2428 -
431 2396 462 2443 11
480 2382 496 2443 δ’
514 2419 545 2428 -
563 2383 754 2456 ἐπιγράφεται
768 2388 847 2443 uncis
861 2388 1034 2442 inclusimus.
1050 2417 1084 2428 -
1101 2393 1134 2442 12
1148 2391 1260 2458 μαθεῖν
1274 2387 1391 2444 ἔνεστιν

149 2469 153 2478 ’
222 2455 524 2588 ξΔμὲέφτιν-ΑΒΟλι
549 2480 577 2530 μ.
598 2458 674 2514 ἔστιν
693 2460 726 2515 Κ.
749 2490 785 2501 -
810 2467 843 2515 11
862 2455 896 2514 τά
922 2455 1057 2515 ἐπιπλέειν
1082 2459 1114 2514 Δ.
1139 2487 1174 2500 -
1201 2467 1236 2515 15
1254 2459 1393 2528 λέξαντος

222 2751 360 2836 veritus,
387 2773 429 2817 ne
453 2751 617 2816 contrariu
642 2751 766 2835 apertis
795 2749 1064 2836 evidentibusque
1092 2750 1189 2816 rebus
1218 2751 1392 2822 affimrare

222 2858 394 2945 videreris3
419 2858 480 2924 tibi
505 2859 570 2944 ipsi
591 2863 703 2924 tamen
726 2861 758 2924 te
778 2857 945 2923 adversari
964 2879 1031 2926 non
1049 2855 1150 2944 rides,
1173 2865 1390 2928 cumcontra

222 2967 383 3034 rationem
412 2972 521 3032 motus
550 2966 709 3052 quosdam
738 2966 906 3050 exsistere,
938 2965 993 3051 qni
1022 2965 1235 3032 adversenbrr
1261 2969 1391 3037 rationi

223 3097 261 3142 ac
284 3073 377 3140 frena
397 3075 573 3158 excutiunt,
596 3073 712 3140 deinde
730 3073 830 3160 paulo
854 3077 931 3159 post
950 3073 1081 3142 eosdem
1101 3096 1120 3140 a
1143 3075 1271 3142 ratione
1289 3077 1389 3165 gigni

221 3183 314 3248 dieis.
358 3181 484 3249 Eadem
513 3181 732 3270 repugnantia
761 3181 863 3246 etiarm
892 3181 927 3246 in
950 3203 988 3250 eo
1012 3182 1170 3268 cernitur,
1197 3183 1284 3270 qnod
1310 3207 1389 3270 per-

222 3290 428 3357 turbationes
456 3290 558 3356 animi
591 3295 661 3356 tum
689 3289 810 3354 irulicia
843 3311 927 3375 esse,
960 3295 1031 3356 tum
1058 3290 1129 3357 sine
1157 3291 1279 3359 iudicio
1312 3293 1389 3362 fieri

223 3398 379 3464 affirmas.
428 3397 555 3466 Locum
582 3397 712 3485 quidem
743 3397 852 3482 illum,
886 3398 944 3464 ubi
974 3399 1044 3466 sine
1076 3399 1199 3468 indicio
1227 3422 1283 3467 eas
1311 3401 1392 3472 fieri

221 3507 320 3592 dicit,
343 3529 361 3572 e
383 3507 491 3592 primo
515 3505 555 3572 (le
582 3505 887 3591 perturbationibus
915 3529 1016 3592 supra
1040 3508 1189 3594 apposui.
1233 3507 1391 3580 Eandem

222 3636 298 3681 vero
323 3635 397 3680 curn
420 3613 522 3680 etiam
545 3614 580 3680 in
602 3613 705 3698 libro,
733 3615 788 3700 qui
812 3614 851 3680 de
876 3615 1043 3682 curatione
1067 3637 1180 3684 earnm
1204 3623 1267 3701 est,
1289 3621 1391 3704 sequi

222 3721 409 3808 opinionem
439 3744 636 3810 cognoscere
662 3723 741 3790 licet
769 3745 786 3788 e
820 3723 928 3789 verbis
959 3723 1025 3791 his:
1078 3722 1179 3792 ‘Non
1211 3723 1313 3790 enim
1344 3727 1391 3796 in

222 3852 279 3914 co,
302 3828 402 3915 quod
425 3829 583 3918 singula
606 3830 743 3897 horum
761 3831 978 3898 iudicamus
1002 3832 1103 3898 bona
1121 3853 1222 3918 esse,
1243 3831 1389 3902 dicun·

222 3941 288 4004 tur
314 3935 386 4003 bae
415 3939 714 4026 aegrotationes
743 3961 841 4023 esse,
874 3938 954 4025 sed,
988 3939 1089 4026 quod
1116 3939 1162 4006 ad
1192 3941 1265 4006 illa
1291 3941 1389 4028 plus

221 4067 335 4132 quam
357 4067 425 4131 pro
448 4046 622 4112 naturali
647 4047 873 4112 constantia
897 4046 1121 4114 efferimur!
1158 4047 1283 4128 Quodsi
1306 4053 1388 4136 quis

221 4153 308 4220 torte
331 4153 379 4219 ita
406 4153 507 4240 dicat,
536 4153 599 4221 boc
627 4153 700 4220 loco
728 4176 795 4220 non
824 4177 963 4242 negasse
987 4154 1207 4242 chrysippum
1231 4163 1389 4245 aegrota·

223 4259 346 4327 tionem
370 4283 440 4329 esse
468 4261 639 4347 iudicium,
666 4285 732 4330 non
761 4267 872 4329 tamen
899 4265 935 4330 in
958 4263 1030 4332 eolo
1053 4263 1175 4333 iudicio
1203 4265 1287 4334 ialso
1310 4267 1388 4336 eius
