2978 5030
620 247 935 365 &asa-

230 463 309 550 ’ἔγει
332 458 396 550 μὲν
418 449 605 527 civeniae
623 454 734 526 πάντα
756 457 820 526 atei
839 455 877 525 τὸ
897 457 993 544 σῶμα
1011 457 1073 523 τοῦ
1091 451 1314 543 ἄνθρωπον·
1350 454 1414 526 uixi

231 567 281 638 ‘tit
299 569 358 656 τῆς
375 563 465 654 ὥρης
483 565 739 653 περιισταμένης
756 564 834 634 ποτὲ
858 563 921 652 μὲν
939 569 1041 632 πλείω
1061 569 1188 650 γίνεται
1211 561 1311 632 αὐτὰ
1334 566 1415 634 ἐων-

233 677 324 760 ‘scita
347 671 426 743 acti
451 671 488 742 δέ
512 669 641 740 ἐλάσσω
666 673 786 740 ἕκαστα
809 669 892 740 κατὰ
916 671 1017 758 μέρος
1038 696 1074 738 τε
1096 671 1149 737 κοί
1177 671 1269 740 κατὰ
1292 673 1414 758 φύσιν.

232 778 290 862 ’ὥς
312 779 378 869 γὰρ
397 777 416 848 ὁ
436 777 590 860 ἐνιαυτὸς
612 781 738 866 μετέχει
761 779 823 866 μὲν
841 783 905 856 πᾶς
922 775 1071 860 πάντων,
1088 778 1145 846 καὶ
1169 781 1244 846 τῶν
1265 787 1414 870 θερμῶν

204 889 300 958 ε’κιιὶ
323 891 392 958 τῶν
411 897 552 974 ψυχρῶν
573 887 629 955 καὶ
653 891 722 956 τῶν
741 891 851 974 ξηρῶν
874 886 929 954 καὶ
951 889 1021 953 τῶν
1039 881 1168 971 ὑγρῶν·
1203 883 1349 974 οὐγὰρ
1372 887 1414 958 ἂν

233 999 368 1085 εμείνειε
382 995 529 1064 τουτέων
544 991 647 1062 οὐδὲν
662 991 787 1064 οὐὸἐνιι
801 992 928 1082 χρόνον
941 990 1025 1060 ἄνευ
1043 989 1180 1060 πάντων
1193 998 1271 1062 τῶν
1293 999 1411 1066 ἐνεόν-

233 1107 314 1174 ετιον
337 1105 375 1172 ἐν
397 1105 483 1195 τῷδε
505 1105 550 1193 τῷ
569 1099 695 1193 κόσμῳ,
719 1097 806 1186 ἀλλ’,
829 1105 860 1170 εί
883 1101 921 1168 έν
938 1105 974 1169 τί
989 1125 1027 1186 γε
1046 1100 1203 1187 ἐκλείποι,
1222 1102 1350 1174 πάντα
1370 1103 1412 1174 ἂν

166 1207 465 1298 ορξέἄφανισθείη,
488 1206 554 1278 ἀπὸ
578 1207 642 1295 γὰρ
665 1211 724 1296 της
747 1205 850 1294 αὐτῆς
877 1203 1025 1294 ἀνάγκης
1049 1211 1053 1294 i
1078 1205 1188 1276 ativae
1216 1211 1416 1300 ξυνέστηκέ

233 1321 280 1388 *τε
303 1317 359 1387 καὶ
380 1318 536 1404 τρέφεται
556 1313 612 1384 ὑπ’
634 1312 803 1402 ἀλλήλων·
836 1311 924 1382 οὕτω
944 1313 980 1382 ὑὲ
1004 1313 1060 1382 καί
1084 1323 1117 1382 εί
1136 1341 1166 1383 τι
1192 1317 1230 1382 ἐκ
1255 1323 1328 1386 τοῦ
1353 1319 1411 1388 ἇν-

194 1449 220 1490 ιο
233 1423 388 1514 ’θρόνον
407 1425 551 1494 ἐκλείποι
570 1425 717 1494 τουτέων
735 1426 803 1490 τῶν
822 1419 1086 1508 ξυγγεγονότων,
1109 1419 1171 1490 οὐκ
1191 1419 1237 1490 ἂν
1259 1425 1411 1496 tamaro

233 1535 306 1621 ’ζῆν
328 1531 524 1620 ὥνθρωπος.
557 1529 664 1618 ἰσχύει
688 1527 725 1598 tt
750 1529 787 1598 ἐν
810 1533 855 1620 τῷ
880 1529 1021 1621 ἐνιαυτῷ
1045 1529 1118 1598 τοτέ
1141 1529 1249 1617 μὲνὸ
1277 1537 1412 1626 χειμών

233 1637 397 1728 (μάλιστα,
420 1638 492 1708 τοτὲ
517 1638 553 1706 (ii
577 1635 614 1707 τὸ
641 1643 711 1724 inp,
733 1636 807 1705 τοτὲ
832 1637 869 1705 δὲ
892 1635 930 1706 τὸ
954 1637 1067 1725 θέρος,
1090 1637 1163 1706 τοτὲ
1189 1637 1225 1706 ti
1253 1641 1294 1710 τὸ
1324 1654 1410 1728 cpti-

235 1745 419 1836 ὐόντωρον
443 1743 531 1816 οὕτω
557 1745 593 1814 (it
616 1745 670 1812 acci
697 1745 802 1836 ἐντῷ
828 1741 1000 1836 ἀνθρώπῳ
1023 1744 1096 1814 τοτὲ
1115 1745 1177 1834 μὲν
1201 1745 1239 1815 τὸ
1267 1752 1409 1838 φλέγμα

235 1853 366 1943 ‘topica
383 1854 457 1924 τοτὲ
476 1851 512 1922 δὲ
532 1850 569 1921 τὸ
584 1845 678 1940 αἷμα,
696 1851 769 1921 τοτὲ
789 1851 825 1920 δὲ
847 1849 865 1941 ip
885 1852 979 1942 χολη,
997 1856 1131 1940 πρῶτον
1148 1853 1212 1941 μὲν
1231 1851 1254 1941 ἡ
1277 1859 1409 1946 ξαυθη.

195 1987 221 2026 n
235 1965 358 2032 ‘inette
381 1961 418 2030 et
444 1959 463 2050 ἡ
486 1962 627 2049 με’λοινα
651 1961 844 2049 καλεομένη.
890 1957 1077 2048 μαρτύριον
1106 1959 1141 2028 δὲ
1171 1965 1409 2048 σαφέστατον·

234 2071 279 2139 ἐί
299 2071 415 2150 θέλοις
436 2073 482 2162 τῷ
507 2065 596 2161 αὐτῷ
621 2065 792 2159 ἀνθρώπῳ
816 2071 938 2138 δοῦναι
966 2067 1003 2138 τὸ
1029 2064 1111 2138 αὐτὸ
1136 2067 1329 2158 φάρμακον
1360 2102 1408 2143 τε-

237 2209 451 2220 -ι--ι-

273 2276 287 2323 1
307 2263 366 2323 alei
385 2267 414 2322 M
433 2262 480 2322 ἐελ
500 2265 636 2322 ABChK.
658 2296 689 2304 —
712 2273 727 2320 Ξ
749 2261 841 2320 εὐνῶν
860 2265 897 2322 Μ.
918 2293 946 2304 ·-
971 2267 1076 2320 anau
1095 2261 1213 2321 πάντων
1232 2271 1321 2326 codd.
1343 2273 1407 2328 edd,

235 2341 292 2402 πᾶς
309 2358 339 2396 ετ.
360 2337 440 2394 Corn.
467 2371 499 2380 -
515 2345 531 2394 6
550 2335 656 2392 τοτέων
670 2336 707 2392 M.
726 2367 761 2378 -·
781 2343 795 2392 ’λ
816 2337 895 2392 saida
911 2337 948 2393 M.
968 2369 1001 2378 -·
1021 2344 1038 2392 8
1057 2337 1211 2406 συνέστηκε
1232 2343 1319 2398 codd.
1343 2347 1407 2400 edd.

237 2443 269 2453 -
291 2416 325 2465 10
344 2405 557 2481 συγγεγονότων
576 2409 658 2464 codd.
678 2409 740 2464 edd.
761 2439 794 2450 -
815 2415 846 2464 11
869 2405 885 2463 ὀ
905 2405 1061 2477 ἅνθρωπος
1080 2409 1160 2466 codd.
1179 2411 1245 2466 edd.
1266 2445 1304 2456 -

237 2633 389 2698 semper
411 2611 450 2678 in
473 2609 647 2676 hominis
672 2631 849 2694 corpore,
878 2609 943 2674 sed
966 2632 1037 2695 pro
1061 2613 1285 2698 temporum
1310 2621 1404 2684 anni

236 2717 613 2788 commutationibus
647 2717 804 2804 singula
836 2721 918 2802 tum⁴
947 2739 1016 2802 pro
1051 2721 1179 2804 parte,
1215 2725 1298 2788 tum
1331 2747 1404 2810 pra

235 2830 380 2894 natura
402 2825 514 2892 modo
534 2825 685 2891 minora
704 2847 815 2909 quum
836 2829 964 2909 antea,
984 2825 1094 2892 modo
1113 2827 1265 2894 maiora
1286 2829 1404 2898 fiunt.

235 2935 290 3003 Ut
313 2935 415 3000 enim
440 2955 561 2998 annus
581 2930 705 2997 omnis
726 2930 896 2998 omnium
919 2936 980 2999 est
1001 2934 1219 3018 particeps,
1243 2941 1284 3002 et
1306 2941 1403 3004 caii-

237 3041 370 3110 dorum
400 3047 437 3106 et
466 3039 701 3125 frigidorum
726 3045 763 3104 et
791 3041 990 3106 siccorum
1013 3047 1051 3106 et
1078 3041 1327 3111 humidorum
1360 3083 1400 3094 —

236 3171 358 3236 neque
378 3149 478 3215 enim
498 3147 706 3234 quidquam
726 3170 770 3212 ex
789 3147 850 3212 his
869 3148 949 3215 ullo
969 3152 1144 3234 tempore
1165 3151 1249 3216 sine
1274 3155 1398 3220 omni·

238 3257 323 3341 bus,
351 3278 447 3342 quae
478 3255 517 3322 in
545 3255 616 3320 hcc
645 3255 786 3321 mundo
817 3255 970 3340 insunt,
1003 3261 1108 3322 stare
1137 3265 1288 3343 posset,
1321 3262 1400 3337 sed,

237 3365 271 3432 si
291 3387 405 3431 unum
424 3363 593 3448 deesset,
613 3363 741 3430 omnia
760 3363 978 3438 interitura
998 3369 1143 3448 essent,
1162 3387 1247 3432 cum
1266 3369 1398 3434 endem

236 3471 477 3538 necessitate
511 3471 640 3538 omnia
673 3475 854 3536 coustant
882 3477 921 3536 et
952 3472 1059 3539 inter
1091 3495 1130 3538 se
1159 3473 1320 3540 alantur
1345 3513 1399 3545 -.

237 3581 308 3663 ita,
332 3577 480 3664 siquid
509 3601 552 3643 ex
577 3577 653 3660 his,
681 3601 776 3662 quac
806 3580 1020 3665 congenita
1043 3585 1150 3663 sunt,
1177 3579 1219 3646 in
1242 3579 1397 3650 homine

237 3686 445 3768 defecerit,
464 3685 577 3752 homo
597 3686 729 3750 vivere
748 3708 823 3752 non
848 3685 1018 3771 amplius
1037 3687 1195 3771 poterit
1236 3687 1279 3754 ln
1299 3711 1396 3755 anno

238 3796 366 3859 autem
390 3792 500 3860 moda
524 3791 650 3858 hiems
674 3793 884 3878 plurimum
904 3793 1025 3877 valet,
1049 3795 1159 3862 modo
1184 3817 1263 3870 uer.
1287 3797 1396 3863 maudo

239 3903 387 3984 aestas,
410 3901 522 3968 modo
542 3901 765 3988 autumnum
789 3904 846 3968 sic
865 3903 905 3968 iu
927 3901 1085 3968 homine
1104 3925 1254 3988 quoquc
1274 3903 1394 3970 inter·

238 4007 326 4074 (lum
359 4008 505 4093 pituita
543 4008 666 4093 viget,
703 4009 896 4075 interdum
935 4010 1112 4095 sanguis,
1147 4009 1250 4076 alias
1291 4011 1395 4094 bilis,

239 4115 345 4200 prius
370 4115 523 4200 quidem
548 4117 674 4199 flava,
698 4116 834 4184 deiude
855 4141 912 4202 ea,
936 4139 1034 4202 quaa
1054 4121 1140 4182 atra
1163 4119 1393 4202 appellatur.

239 4221 362 4290 Huius
395 4223 452 4288 rei
490 4223 829 4292 evidentissimum
866 4231 1140 4312 argumentum
1179 4233 1251 4311 est,
1284 4227 1393 4314 quod,

239 4330 271 4395 si
291 4329 414 4396 eidem
434 4329 584 4396 homiui
605 4331 704 4396 idem
724 4333 1054 4401 medicamentum
1073 4339 1212 4420 quater
1234 4333 1274 4402 in
1297 4357 1391 4401 auno
