3022 5038
678 225 923 315 ‚L54g.-

216 403 333 489 αὐτοῖς
354 421 425 490 τοῖς
447 409 566 494 αι’ρασι
589 409 659 477 τῶν
686 409 787 494 ῥιζῶν
815 421 885 488 τοῖς
913 412 961 486 εἰς
982 407 1049 495 τήν
1072 411 1137 496 μήν
1160 406 1378 496 ἐμπεφυκόσι,

216 514 281 604 τήν
299 524 460 606 μεγίστην
479 517 516 586 δὲ
540 516 649 604 φλέβα
671 519 710 605 cr*
731 514 886 603 σνμπιὶσχ,
913 519 971 600 τῆς
989 513 1153 600 ῥιζώσεως
1171 513 1267 606 ἀρχή.
1303 523 1381 604 φαί-

217 651 335 694 νονται
367 625 433 714 γάρ
464 651 536 706 τιως
565 629 613 704 εἰς
644 623 708 711 τήν
740 623 872 713 μήτραν
904 628 941 690 αι’
968 624 1116 692 τελευταὶ
1149 629 1218 692 τῶν
1245 629 1381 712 φλεβῶν

195 723 434 822 ’ἐρριζωμέναι
457 734 591 820 τροφήν
614 733 648 814 ἐξ
671 729 775 819 αὐτής
798 725 907 818 [αἷμαΙ
932 729 1117 816 ἀναφέρειν
1141 733 1192 800 ἐπὶ
1218 731 1255 800 τὸ
1284 725 1382 820 ήπαρ,

189 836 264 920 scic
295 836 404 929 ἀρχήν
436 839 585 921 ἅπαντος
615 843 678 909 τοῦ
710 844 830 926 φυτοῦ.
880 845 911 906 εἰ
943 840 978 908 oi
1009 837 1052 908 οὐ
1079 838 1194 926 βούλει
1224 839 1261 908 τὸ
1295 832 1381 928 ήπαρ

195 945 327 1036 ,ἀρχὴν
349 949 492 1034 θέσθαι,
515 952 555 1040 τή
579 952 701 1038 καρδίᾳ
724 947 786 1036 μὲν
811 944 969 1034 οὐδαμῶς
992 945 1035 1016 riv
1059 951 1146 1034 ἔχοις
1170 953 1216 1014 ἔτι
1242 951 1381 1034 προσνέ-

150 1073 296 1144 ttinere
319 1055 382 1144 τήν
405 1053 524 1146 ἀρχήν,
548 1051 801 1146 ἀναγκασθήσῃ
826 1055 862 1122 dt
886 1055 996 1123 πάντα
1020 1054 1060 1122 τὰ
1089 1059 1136 1133 εἰς
1163 1054 1227 1142 τήν
1249 1055 1382 1142 μίτραν

218 1162 415 1253 ἐμφυόμενα
447 1167 572 1252 πέρατα
608 1164 672 1252 τήν
707 1161 816 1252 ἀρχήν
853 1157 1097 1249 ἀποφήνασθαι
1129 1166 1198 1231 τῶν
1236 1167 1381 1250 ρλερὠ.

218 1265 304 1340 ἀλλὰ
327 1277 359 1340 εἰ
379 1276 492 1356 τοῦτο,
514 1274 569 1342 οιαὶ
589 1271 652 1360 τήν
670 1276 739 1342 τῶν
757 1269 928 1358 ἀρτηριῶν
951 1269 1059 1358 ἀρχήν
1078 1268 1265 1357 ἀναγκαῖον
1288 1277 1378 1339 ἔσται

177 1402 204 1442 ιο
218 1397 273 1448 σοι
296 1377 337 1448 τὰ
355 1384 404 1459 εἰς
425 1379 485 1460 τὰς
503 1381 630 1469 μήτρας
647 1378 843 1466 καθήκοντα
862 1379 986 1463 πέρατα
1008 1381 1131 1447 θέσθαι
1155 1379 1219 1467 τήν
1237 1385 1382 1466 καροιάν

218 1483 412 1575 ὑπερβάντι.
458 1491 571 1570 δεῖξον
594 1480 658 1557 οὖν
684 1485 763 1574 ήμῖν
786 1491 830 1555 ἔτι
857 1488 911 1554 καὶ
936 1487 998 1574 τήν
1022 1491 1089 1555 τῶν
1118 1487 1250 1574 νεύρων
1273 1485 1382 1576 ἀρχήν

219 1595 255 1662 ἐκ
277 1598 346 1664 τῶν
369 1591 483 1664 αὐτῶν
510 1593 720 1684 ὁρμωμένην.
767 1593 850 1662 ἀλλὰ
880 1592 971 1680 ὅμως
1001 1593 1077 1662 οὔτε
1102 1597 1176 1662 ἐστι’
1200 1621 1229 1662 τι
1257 1600 1382 1680 νεῦρον

219 1701 433 1790 ἐκφυόμενον
454 1707 514 1792 τής
535 1703 663 1792 μήτρας
685 1708 733 1783 εἰς
760 1703 878 1790 χόριον
903 1700 978 1770 οὔτε
1002 1705 1039 1770 ἐν
1062 1707 1106 1794 τῷ
1131 1709 1235 1794 χορίῳ
1259 1703 1380 1788 φαινό-

218 1835 324 1896 μενον
348 1808 426 1880 οὔτε
449 1811 531 1880 κατὰ
554 1809 616 1880 τὸν
638 1807 794 1899 ὀμφαλὸν
816 1805 833 1897 ή
859 1814 986 1890 ἔξωθεν
1010 1815 1074 1878 ἔσω
1099 1813 1234 1898 χωροῦν
1260 1806 1379 1898 ήὲσω-

179 1924 284 1986 σθεν
312 1919 374 2000 ἔξω
401 1919 662 2008 προερχόμενον.
708 1915 786 1987 odoi
818 1917 883 2004 γὰρ
914 1909 954 2003 ήν
985 1915 1071 1997 ὅλως
1098 1924 1191 2004 χρεία
1222 1915 1285 2004 τήν
1312 1921 1381 1985 τῶν

220 2023 354 2112 νεύρων
376 2022 484 2114 ἀρχήν
505 2031 568 2098 τοῦ
591 2027 807 2114 γεννωμένου
826 2031 1042 2111 σνναοθήναι
1071 2029 1109 2112 νή
1133 2024 1251 2114 μήτρα,
1274 2027 1381 2092 καθεὶ-

219 2157 281 2222 περ
304 2131 368 2222 τήν
389 2137 459 2204 τῶν
481 2135 652 2225 ἀρτηριῶν
673 2159 710 2203 τε
733 2134 788 2202 καὶ
808 2139 952 2220 φλεβῶν.
989 2127 1085 2200 αίται
1111 2135 1173 2220 μὲν
1197 2135 1262 2222 γὰρ
1286 2143 1382 2201 deciv-

255 2419 363 2494 4αἶμα
388 2425 467 2482 uncis
491 2423 666 2480 inclusimus.
692 2453 725 2463 -
752 2429 785 2478 10
804 2417 854 2486 rire
878 2441 931 2478 om.
952 2423 989 2478 M.
1014 2453 1046 2463 —
1074 2429 1106 2478 tt
1133 2416 1147 2492 ή
1169 2425 1265 2478 crater
1288 2441 1341 2494 pro
1364 2418 1380 2492 ή

220 2491 332 2550 ἔσωθεν
350 2494 389 2552 Μ.
409 2527 442 2538 ·—
464 2503 497 2552 16
516 2494 674 2567 γενομένου
693 2494 730 2549 tl.
752 2527 783 2533 —
804 2495 886 2566 μητρὶ
907 2493 1041 2550 nauch
1059 2491 1151 2569 μήτρᾳ
1171 2495 1203 2550 Κ.
1225 2527 1257 2536 -

220 2791 343 2852 terrum
366 2786 491 2870 defixis,
513 2785 607 2852 iilam
631 2785 695 2852 toti
718 2785 931 2851 radicationis
955 2785 1060 2852 initio.
1107 2783 1270 2851 Videntur
1292 2787 1382 2852 enim

220 2893 462 2978 quodammodo
490 2915 647 2960 venarum
676 2893 900 2958 extremitates
932 2895 967 2958 in
995 2898 1087 2960 utero
1115 2893 1281 2960 radicatae
1306 2894 1381 2960 inde

220 3000 412 3068 alimentum
428 3002 469 3067 ad
487 3003 577 3068 ieeur
595 3005 763 3085 tamquam
783 3003 885 3066 totius
906 3003 1019 3086 stirpis
1040 3001 1238 3086 principium
1254 3003 1378 3068 ett'erre.

220 3105 344 3185 Quodsi
371 3111 462 3176 noles
490 3111 579 3176 iecur
606 3109 804 3195 principium
834 3113 994 3195 statuere,
1027 3111 1069 3176 ad
1092 3132 1148 3176 eor
1176 3111 1263 3174 certe
1286 3109 1380 3175 nullo

220 3214 317 3282 modo
351 3216 476 3282 deferre
508 3217 708 3303 principium
741 3216 880 3301 poteris,
914 3218 968 3282 sed
997 3219 1122 3304 cogeris
1152 3239 1264 3283 omnes
1293 3217 1382 3300 illas,

219 3324 361 3408 quaein
389 3329 518 3392 uterum
546 3326 746 3401 inseruntur,
775 3325 1001 3390 extremitates
1034 3346 1190 3390 venareum
1214 3325 1379 3410 principi-u

218 3452 348 3516 ponere.
403 3433 450 3498 At
486 3433 515 3498 si
551 3432 614 3498 hoc
650 3432 780 3518 feceris,
819 3433 1012 3498 arteriarum
1047 3453 1175 3520 quoque
1212 3432 1376 3520 originem

220 3537 327 3604 dicere
346 3541 580 3624 extremitates,
602 3561 685 3626 quae
709 3542 744 3607 in
763 3542 894 3607 sutram
914 3543 1089 3628 pertinent,
1112 3539 1208 3606 corde
1232 3547 1379 3626 praeter·

221 3645 322 3713 misso
345 3669 478 3714 necesse
501 3649 563 3715 tibi
589 3649 659 3713 crit.
705 3649 783 3716 dam
805 3672 982 3716 nervorum
1005 3671 1133 3734 quoque
1157 3649 1318 3734 originem
1341 3671 1382 3714 ex

221 3755 338 3822 iisdem
360 3755 413 3821 his
437 3759 519 3825 locis
544 3761 753 3822 emanantem
783 3758 880 3822 reliru
904 3759 999 3822 nobis
1023 3756 1186 3822 ostendas.
1232 3757 1279 3820 nt
1302 3779 1382 3822 rero

220 3862 330 3929 nullus
358 3886 477 3932 nervus
506 3886 610 3951 neque
639 3887 677 3930 ex
707 3867 799 3930 utero
828 3865 863 3930 iu
892 3867 1048 3930 sccundus
1077 3867 1192 3929 manat
1218 3886 1322 3948 neque
1345 3867 1382 3932 iu

220 3971 304 4057 ipsis
328 3973 478 4038 secundis
507 3976 616 4038 exstat
642 3993 746 4058 neque
774 3974 809 4038 in
837 3973 994 4037 umbilico
1023 3977 1079 4036 aut
1107 3971 1308 4037 extrinsecus
1332 3973 1382 4040 iu·

221 4083 365 4146 trorsum
389 4079 575 4166 ingrediens
605 4085 663 4146 aut
691 4080 731 4145 de
760 4080 913 4146 interiore
942 4084 1036 4162 purte
1064 4079 1152 4144 forus
1182 4081 1383 4166 prominens.

221 4183 336 4272 Neque
355 4187 442 4254 enim
462 4189 596 4256 omuino
614 4211 748 4254 necesse
771 4189 835 4252 t'uit
854 4189 1016 4274 originem
1035 4209 1211 4254 nervorum
1230 4193 1382 4276 concepti

222 4293 322 4378 fetae,
358 4295 630 4381 queamdmodum
673 4297 868 4362 arteriarum
903 4301 935 4360 et
973 4317 1141 4370 venarum,
1179 4321 1252 4362 curn
1287 4302 1381 4366 utero
