2984 5030
672 345 714 356 -
761 307 826 370 ttlt'r
872 341 917 352 -

214 473 424 560 βλεπομένου
451 467 489 537 τὸ
522 468 666 555 μέγεθος
696 465 913 554 έγνιύκιιμεν.
946 457 1021 532 οἷον
1053 459 1172 548 ὄρονς.
1205 467 1237 530 εἰ
1266 463 1382 548 τύχοι.

213 586 382 670 μεγίστου.
426 579 626 666 τηλικοῦτον
648 575 713 661 γάρ
741 579 883 642 εῖὸωλον
910 573 1083 640 ένέπιπτεν
1111 565 1156 638 ἂν
1179 567 1244 638 άπὸ
1268 567 1383 638 αι’·τού

215 703 284 770 τοῖς
306 684 499 774 ὀφθαλμοῖς
528 682 636 772 ἡμῶν,
667 681 782 770 ἡλίκον
810 684 902 749 ἐστὶν
925 676 1027 757 αύτύ,
1055 677 1138 764 ὅπερ
1161 679 1385 746 παντάπασιν
1426 713 1434 724 =

214 795 356 883 ἄλογον,
384 792 452 882 ἅμα
475 797 520 884 τῷ
544 792 599 860 καὶ
624 787 706 858 κατὰ
734 795 817 878 μίαν
844 787 954 876 ῥοπὴν
981 790 1103 872 καιροῦ
1125 787 1211 874 πρὸς
1234 789 1385 855 ἕκαστον

187 905 284 972 serie
306 899 482 990 ὁρώντων,
505 905 536 968 rr'
557 901 609 968 καλ
635 905 750 986 μνριόι
774 897 908 985 τύχοιεν
931 895 1039 976 ὄντες,
1063 892 1301 980 άφικνεῖσθαι.
1332 898 1382 986 τῷ

215 1037 248 1078 τε
273 1006 396 1102 ὀπτικῷ
425 1005 487 1096 οὐχ
516 1001 592 1076 οἷόν
619 1033 652 1074 τε
681 1005 849 1094 τοσαύτην
878 1005 977 1092 ῥύσιν
1001 1005 1222 1094 ε’κτεινομένφ
1250 1005 1384 1091 λαμβά-

216 1144 304 1202 νειν,
332 1115 377 1197 ὡς
403 1123 614 1202 περιχεῖσθαι
643 1115 739 1182 παντὶ
770 1117 815 1206 τῷ
844 1115 1036 1204 βλεπομένῳ
1065 1111 1204 1198 σάμιοι.
1254 1117 1360 1180 τοῦτο

148 1223 281 1312 οιομέιρ
309 1223 430 1312 ὅμοιόν
458 1225 536 1291 έστι·
560 1217 605 1314 τῷ
638 1225 707 1290 τῶν
735 1227 896 1291 Στωϊκῶν
927 1223 1104 1312 στιιλιιγμῷ
1136 1221 1385 1310 ιιιραννομείιῳ

216 1335 256 1421 τῇ
279 1330 367 1420 πάσῃ
392 1330 553 1420 θαλάττῃ.
602 1337 746 1398 λείπεται
775 1321 839 1398 οὖν
868 1335 915 1398 ἔτι
943 1328 1003 1398 τὸν
1031 1329 1126 1414 πέριξ
1154 1324 1237 1414 άέρα
1266 1332 1384 1396 τοιοῦ-

178 1467 277 1508 ιοτον
300 1437 450 1526 ὄργανον
474 1436 554 1526 ἡμῖν
577 1445 745 1524 γίνεσθαι,
769 1434 848 1506 καθ’
875 1433 917 1506 ὃν
937 1433 1069 1524 ὁρῶμεν
1092 1433 1231 1524 χρόνον.
1255 1433 1385 1504 ὁποῖον

218 1548 323 1640 ἐντῷ
347 1545 475 1634 σάματι
498 1546 536 1615 τὸ
561 1550 685 1632 νεῦρον
709 1542 847 1632 ὑπάρχει
871 1543 928 1613 διὰ
951 1544 1085 1622 παντός.
1130 1547 1290 1612 τοιοῦτον
1312 1544 1383 1630 γάρ

218 1683 248 1722 τι
272 1653 411 1742 πάσχειν
439 1660 549 1724 ἔοικεν
572 1651 591 1723 ὁ
619 1655 783 1740 περιέχων
813 1650 897 1740 ἡμᾶς
923 1649 988 1740 άὴρ
1017 1647 1083 1720 ’ὑπὸ
1112 1655 1171 1738 τῆς
1192 1655 1255 1720 τοῦ
1277 1652 1385 1720 πνεύ-

217 1789 321 1850 ματος
353 1761 563 1850 έμπττύσεως,
597 1759 717 1830 ὁποῖόν
749 1789 779 1830 τι
810 1762 865 1828 καὶ
897 1760 981 1846 πρὸς
1011 1763 1069 1848 τῆς
1098 1757 1236 1847 ἡλιακῆς
1263 1757 1384 1847 αὐγῆς.

218 1871 327 1958 εἰιείνη
350 1897 385 1939 τε
413 1869 478 1958 γάρ
503 1868 659 1950 ψαύουσα
682 1855 744 1939 τοῦ
770 1868 842 1938 άνω
866 1871 1007 1956 πέρατος
1029 1865 1136 1937 αὐτοῦ
1163 1872 1307 1936 δι’ύωσιν
1332 1875 1385 1948 εἰς

180 2001 204 2042 ιε
219 1976 301 2046 ὅλον
323 1977 388 2066 τὴν
411 1977 560 2065 δύναμιν
581 1976 599 2064 ἦ
622 2003 656 2046 τε
680 1976 737 2046 tric
760 1981 828 2046 τῶν
851 1974 998 2046 ὁπτικῶν
1023 1975 1151 2062 νεύρων
1177 1976 1384 2062 iere-prpo-

218 2086 304 2173 μένη
331 2086 394 2173 τὴν
420 2085 483 2174 μέν
511 2083 633 2155 οὐσίαν
660 2091 722 2173 ἔχει
753 2085 996 2173 πνευματικήν,
1029 2085 1237 2172 ἐμπίπτουσα
1266 2085 1303 2153 tt
1333 2089 1382 2176 τῷ

219 2237 262 2246 -ι-

257 2310 271 2358 1
292 2297 458 2374 ἐγνώκαμεν
482 2303 624 2358 elench.
650 2334 682 2342 —
709 2310 724 2356 ’λ
748 2295 786 2356 ἄν
808 2317 862 2356 eru.
887 2301 1037 2370 MABCh;
1063 2302 1098 2358 cf.
1119 2302 1203 2358 l‘rolt.
1229 2323 1255 2374 p.
1276 2312 1318 2357 σο.
1347 2335 1382 2344 -

221 2381 236 2429 7
251 2373 423 2446 βλεπομένω
438 2375 476 2428 λλ,
491 2406 527 2416 -
549 2385 579 2430 12
595 2373 727 2444 περιέχον
742 2375 778 2428 M.
794 2403 830 2414 --
852 2381 882 2428 13
904 2369 1069 2436 ἐκπτώσεως
1088 2375 1168 2428 cedri.
1184 2375 1248 2430 edd.
1268 2371 1383 2444 έμπτιύ-

220 2465 291 2508 σειος
309 2464 374 2512 nom
393 2447 429 2502 cf.
448 2447 533 2502 i'roll.
553 2465 580 2518 p,
600 2454 642 2501 SS.
663 2478 697 2488 -
721 2443 775 2514 πρὸ
797 2445 845 2513 τῆς
865 2449 897 2500 λ.
921 2477 955 2486 ·—
982 2453 1014 2502 15
1038 2439 1108 2515 ὅλην
1126 2447 1207 2502 codd.
1228 2448 1291 2504 edd.
1309 2441 1384 2502 ὅλον

220 2517 301 2575 Corn.
321 2549 355 2559 -
375 2518 538 2590 φαινομένη
556 2519 638 2574 codd.
657 2518 720 2573 edd.
740 2516 886 2588 φερομένη
905 2533 964 2573 nos.
984 2549 1018 2560 -

221 2763 396 2826 corporum
442 2739 643 2804 extrinsecus
685 2740 903 2821 obiectorum,
952 2738 1013 2823 rei,
1055 2761 1152 2826 quarn
1205 2742 1385 2828 cernimus,

221 2849 483 2935 magnitudinem
510 2848 602 2913 nullo
631 2847 728 2914 modo
761 2846 980 2932 novissemus,
1008 2848 1098 2912 reiut
1125 2850 1211 2914 rusti
1240 2849 1385 2918 alienius

220 2956 353 3022 montis.
398 2955 480 3022 Tam
503 2978 660 3037 mererium
683 2955 839 3021 nimirum
864 2955 1074 3020 simulacrum
1099 2957 1140 3020 eb
1165 2979 1214 3038 eo,
1237 2965 1384 3043 quantus

221 3063 292 3149 ipse
316 3067 376 3147 est,
399 3064 433 3128 in
457 3062 569 3128 ocules
593 3067 724 3129 nostros
749 3065 916 3146 incideret,
939 3063 1025 3149 qnod
1045 3087 1179 3149 prorsus
1199 3065 1385 3134 absurdum

222 3173 286 3254 est,
309 3175 537 3258 praeterquam
560 3171 647 3256 quod
672 3195 736 3236 uno
760 3169 937 3258 eodemque
966 3173 1124 3258 temporis
1148 3178 1312 3238 momento
1336 3177 1385 3240 ιιιΙ
1477 3233 1478 3252 ,

223 3279 380 3366 singulos,
404 3280 460 3365 qui
484 3283 630 3362 cernunt,
654 3280 783 3344 etiamsi
807 3279 1063 3345 innumerabiles
1088 3281 1168 3364 sint,
1190 3283 1295 3348 fertur
1319 3305 1385 3350 nee
1477 3259 1478 3272 ¹

223 3387 279 3472 qui
312 3387 353 3452 ad
385 3387 492 3452 risum
524 3388 667 3472 pertinet
704 3387 839 3472 spiritus
877 3388 945 3453 ulla
982 3388 1109 3454 ratione
1142 3393 1254 3473 potest
1284 3393 1386 3457 tantu
1477 3407 1478 3436 ³

224 3493 396 3561 diffusione
419 3495 563 3578 dilatari,
586 3501 623 3559 ut
646 3518 664 3560 a
689 3499 770 3579 toto,
793 3497 878 3581 quod
904 3497 1060 3583 cernitur,
1083 3519 1218 3581 corpore
1242 3498 1385 3566 eircum-

223 3601 388 3668 fundatur.
438 3601 510 3668 Ηοο
539 3604 625 3668 enim
658 3603 742 3668 nihil
772 3604 859 3669 aliud
889 3607 939 3669 est
966 3604 1029 3670 nisi
1062 3607 1293 3673 commenticia
1320 3607 1385 3673 illu

224 3707 409 3776 Stoicorum
433 3713 541 3796 gutte,
564 3733 647 3796 qune
671 3733 745 3776 eum
770 3717 839 3776 toto
864 3712 947 3777 meri
977 3711 1216 3779 commiscetur.
1261 3714 1385 3781 Restat

223 3817 336 3904 igitur,
358 3820 395 3882 ut
418 3823 474 3882 οόν
497 3818 713 3884 circumfusus
736 3820 802 3888 tale
826 3819 922 3886 nobis
946 3821 1199 3888 instrumentum
1223 3823 1291 3904 fiat,
1313 3843 1382 3908 quo

223 3927 371 4010 tempore
408 3926 585 4011 cernimus,
625 3927 720 4012 quale
756 3949 885 4014 semper
920 3951 1039 3996 nereus
1077 3930 1110 3996 in
1148 3952 1283 4016 corpore
1319 3935 1383 3998 est.

223 4031 349 4098 Eodem
373 4033 460 4098 enim
483 4039 581 4118 paeto
605 4041 660 4100 nir
683 4057 742 4102 nos
768 4035 916 4102 ambiens
940 4037 1119 4122 suspiritus
1142 4038 1287 4113 incursu,
1313 4063 1381 4126 quo

226 4141 347 4206 esolis
376 4139 517 4226 fulgore,
546 4143 632 4207 efflei
661 4144 798 4209 ridetur.
849 4143 935 4211 Nam
966 4150 996 4210 et
1026 4145 1081 4210 ilie
1112 4169 1265 4230 supremo
1293 4149 1381 4214 neris

224 4247 365 4314 termino
385 4252 535 4315 contacto
555 4251 621 4314 rirn
637 4273 729 4315 snam
749 4252 782 4316 in
802 4259 909 4318 totum
930 4251 1090 4338 dispergit
1104 4257 1137 4316 et
1151 4251 1238 4318 ueies
1257 4261 1382 4326 nostre.

224 4375 308 4440 quae
327 4378 386 4442 per
403 4378 519 4423 nervos
539 4359 667 4442 optiees
687 4359 800 4444 fertur,
823 4361 1009 4426 substantie
1032 4359 1197 4446 spirituali
1219 4363 1383 4446 praedita.
