3012 5010
664 196 912 264 -280-

207 358 353 426 Στωϊκοὶ
376 355 439 446 τὴν
457 351 617 443 τοιαύτην
636 355 803 443 ἐξήγησιν,
825 351 909 423 ἀλλά
934 355 1049 442 ἕτερον
1071 353 1184 443 μένει
1208 354 1377 441 λέγεσθαί

114 549 117 554 Δ
207 485 324 552 φασιν,
348 460 390 533 ού
414 467 554 553 δηλοῦσι
580 465 616 532 δὲ
641 460 739 546 criel.
766 465 835 532 τῶν
858 464 1065 548 έσωτερικῶν
1094 459 1246 550 ὑπάρχον
1271 465 1373 550 δηλο-

141 591 198 648 314
208 555 290 654 νότι,
313 571 368 640 καὶ
392 571 590 660 ἐπιτιμῶσιν
615 569 693 660 ἡμῖν
712 567 840 650 εὐθέως
863 567 909 650 ῶς
930 574 1101 656 προπετῶς
1121 573 1125 659 Ι
1147 567 1372 658 ἀντιλέγουσι,

208 678 289 765 πρὶν
313 681 441 766 γνῶναι
464 677 502 747 τὸ
531 679 728 767 λεγόμενον·
758 679 795 746 oi
820 675 856 746 δέ
880 678 935 747 καὶ
959 681 1196 766 λοιδοροῦντες
1224 678 1374 768 σφοδρό-

182 809 308 875 ετερον
340 782 557 868 ἀνεισάκτους
582 813 617 854 τε
645 787 699 855 καὶ
729 792 942 873 φιλονείκους
964 782 1194 854 ἀποκαλοῦσιν
1223 783 1264 853 οῦ
1288 791 1378 870 φασί

209 919 244 962 τε
275 892 427 977 διδάξειν
454 893 492 965 τὸ
527 893 711 984 λεγόμενον
741 889 966 973 ἀπαιδεύτους
998 889 1212 982 ἀνθρώπους.
1263 899 1370 962 καίτοι

209 999 250 1070 τά
273 1029 310 1090 γε
339 999 423 1070 ἀλλα
451 1003 506 1072 καὶ
534 1001 579 1092 μῦ
609 1003 827 1092 βουλομένων
857 998 951 1090 ἡμῶν
980 1003 1205 1089 διεξέρχονται
1229 1004 1366 1088 μακρῶς

211 1105 295 1178 ἀλλά
329 1107 427 1196 ὅταν,
456 1107 502 1192 ῶς
529 1107 641 1196 εἶπον,
670 1112 726 1178 έπί
750 1137 781 1178 τι
808 1113 966 1178 τοιοῦτον
989 1106 1177 1196 ἀφίκωνται
1204 1114 1375 1197 μηδεμίαν

212 1222 290 1306 ἔχον
314 1212 477 1304 εὐπορίαν
495 1223 673 1306 φλυαρίας,
697 1221 733 1286 oi
752 1217 814 1306 μέν
838 1217 1025 1304 γράφοντες
1047 1215 1088 1284 τά
1111 1221 1226 1303 βιβλία
1249 1217 1376 1302 ταχέως

173 1352 198 1392 ιο
211 1351 247 1394 τε
279 1321 347 1414 ἀμα
379 1325 434 1394 καὶ
468 1321 606 1412 ἀσαφῶς
636 1323 920 1411 παρατρέχουσιν,
954 1327 990 1394 οί
1019 1325 1056 1394 δέ
1084 1323 1303 1411 ἐξηγούμενοι
1332 1323 1375 1391 τά

211 1431 343 1503 τούτων
380 1429 621 1521 συγγράμματα
660 1433 798 1518 φθόνου
840 1436 970 1520 μᾶλλον
1008 1429 1175 1502 ὑπόνοιαν
1211 1436 1259 1512 εἰς
1294 1431 1376 1512 τοῦς

213 1537 401 1622 ἀκούοντας
438 1541 629 1628 εἰσπέμπειν
663 1541 788 1628 ἕτοιμοι
822 1546 975 1626 γίνονται
1009 1539 1295 1628 προσποιούμενοι
1327 1541 1375 1630 μὴ

214 1647 401 1738 βούλεσθαι
421 1646 595 1718 διδάσκειν
616 1645 700 1736 ἡμᾶς
721 1647 802 1735 ἤπερ
821 1646 1027 1736 ὁμολογοῦσι
1047 1651 1257 1736 νενικῆσθαι.
1289 1645 1375 1717 ἀλλά

213 1755 295 1840 τοὺς
312 1755 375 1846 μὲν
392 1753 627 1844 ἀσπλάγχνονς
650 1781 683 1824 τε
707 1757 762 1824 καὶ
782 1753 1032 1844 ἀνεγκεφάλονς
1057 1754 1119 1844 ἤδη
1142 1758 1376 1844 παρέλθωμεν,

177 1891 201 1932 ιε
215 1869 271 1934 ἵνα
294 1863 339 1954 μὴ
359 1867 516 1953 λυπῶμεν
536 1865 587 1932 ἐπὶ
606 1863 710 1932 πλέον
731 1861 810 1942 τοὺς
829 1864 904 1952 περὶ
923 1861 984 1934 τὸν
1006 1861 1203 1950 Χρύσιππον
1226 1865 1377 1951 ἐναργῶς

215 1971 596 2062 καταμαρτυρουμένους
615 1966 673 2058 ὑφ’
696 1962 745 2040 ῶν
765 1973 999 2041 ἐπικαλοῦνται
1018 1970 1212 2061 μαρτύρων·
1232 1968 1318 2040 ὅθεν
1338 1972 1376 2042 δὲ

217 2141 431 2154 ...-----

254 2221 477 2290 ὀάνεισάκτοος
498 2220 637 2297 ἡμᾶςκαὶ
657 2243 685 2296 p.
706 2257 737 2266 -
763 2230 779 2280 a
798 2218 923 2294 ἀπορίαν
943 2225 970 2280 Μ
977 2225 1037 2281 ΑΒ.
1066 2257 1096 2266 -
1124 2232 1157 2282 10
1176 2225 1276 2296 σαφῶς
1293 2223 1377 2282 codd.

217 2301 280 2358 edd.
295 2293 415 2370 ἀσαφῶς
429 2314 488 2354 uos.
504 2329 536 2339 -
560 2303 591 2354 12
607 2291 764 2368 ἐκπέμπειν
779 2297 859 2354 codd
874 2297 936 2354 odd
952 2295 1119 2369 εἰσπέμπειν
1134 2314 1194 2354 uos.
1208 2329 1242 2340 —
1260 2304 1292 2354 1³
1307 2291 1377 2368 ὁμο-

217 2372 369 2445 λογοῦντες
387 2369 467 2428 οοδδ.
487 2369 550 2428 edd.
570 2365 740 2440 ὁμολογοῦσι
761 2386 819 2426 nos.
840 2401 872 2411 -

218 2627 295 2696 Non
319 2631 430 2693 tamen
451 2624 536 2692 hanc
562 2625 824 2712 explanationem
849 2625 1029 2692 admittunt
1051 2605 1163 2692 omnes
1184 2622 1297 2710 Stoici,
1321 2627 1379 2694 scd

220 2735 309 2804 aliud
328 2733 482 2822 quiddam
501 2734 566 2800 dici
586 2735 687 2818 aiunt,
710 2734 806 2820 quale
825 2755 902 2800 vcro
923 2733 976 2820 sit,
993 2755 1061 2801 uon
1078 2733 1256 2819 declarant,
1276 2735 1381 2802 subti-

218 2845 284 2911 liue
313 2841 439 2910 scilicet
467 2863 565 2928 quam
598 2863 658 2926 pro
692 2840 862 2908 hominum
895 2847 988 2908 extra
1019 2841 1166 2908 scholam
1198 2841 1380 2928 intellectu,

221 2955 319 3038 utque
338 2973 398 3016 nos
418 2949 532 3015 statim
552 2949 732 3034 increpant,
751 2951 837 3037 quod
856 2956 978 3017 temere
997 2957 1111 3017 contra
1133 2950 1241 3016 dicere
1261 2951 1381 3017 audea-

222 3043 314 3144 mus,
327 3058 517 3144 priusquam
542 3057 609 3122 vim
632 3059 805 3126 verborum
825 3059 1029 3146 exploratam
1051 3057 1278 3144 habuerimus;
1301 3081 1382 3126 nou·

221 3164 304 3232 nulli
328 3165 428 3230 etiarn
453 3163 677 3230 vehementius
701 3166 737 3232 iu
763 3187 824 3233 nos
855 3165 1047 3232 invehentes
1074 3164 1232 3252 profanos
1256 3166 1381 3254 litigio·

223 3295 341 3358 sosque
365 3271 534 3358 appellant
557 3277 742 3359 negantque
766 3297 801 3340 sc
825 3273 884 3340 illa
906 3275 989 3340 velle
1009 3274 1170 3361 explicaro
1189 3274 1381 3342 hominibus

223 3381 374 3449 indoctis.
420 3379 624 3468 Quamquam
653 3387 761 3448 cetera
789 3383 887 3450 iidem
916 3383 1015 3448 etiam
1039 3383 1150 3449 inuitis
1178 3383 1275 3449 uobis
1299 3385 1381 3450 satis

223 3489 359 3558 verbose
384 3495 559 3576 exponunt.
605 3491 651 3555 At
680 3491 749 3576 ubi,
777 3489 1049 3578 quemadmodum
1078 3491 1159 3578 dixi,
1187 3491 1229 3556 ad
1257 3491 1382 3578 aliquid
1490 3531 1491 3559 ι

224 3597 385 3664 eiusmodi
409 3603 638 3684 pervenerunt,
665 3597 752 3686 quod
775 3599 901 3664 nullam
924 3599 1128 3686 garrulitatis
1152 3601 1383 3686 opportunita·
1489 3601 1490 3629 ¹

224 3709 292 3772 tem
319 3704 455 3789 habeat,
488 3707 544 3792 qui
571 3707 673 3774 libros
703 3711 917 3794 componunt,
954 3706 1019 3775 cito
1053 3707 1150 3774 simul
1183 3718 1216 3773 et
1245 3707 1382 3774 obscure

225 3812 482 3902 praetervolant,
510 3813 571 3881 hos
600 3815 654 3902 qui
685 3815 957 3900 interpretantur,
989 3815 1132 3882 invidiae
1159 3816 1381 3902 suspicionem

226 3921 433 3988 audientibus
463 3924 580 3990 inicere
609 3923 735 3990 malunt
764 3923 948 3992 rimula-ndo
979 3945 1013 3990 se
1039 3923 1127 3990 nolle
1157 3923 1240 3990 alios
1269 3926 1381 3993 docere

227 4054 325 4118 quam
360 4037 395 4098 ut
430 4031 534 4098 victos
570 4055 603 4096 se
636 4032 811 4098 fateantur.
867 4029 929 4098 Sed
962 4033 1161 4099 evisceratos
1194 4037 1228 4098 et
1259 4035 1380 4102 cerebri

228 4143 376 4226 expertes
409 4141 476 4205 iam
507 4140 715 4224 omittamus,
743 4163 783 4207 ne
813 4141 954 4227 amplius
984 4141 1154 4227 negotium
1181 4141 1379 4210 lacessamus
1481 4137 1482 4140 ¹

229 4241 413 4332 Chrysippo
438 4248 570 4333 eiusque
596 4253 703 4314 sectae
728 4271 744 4314 a
767 4249 923 4335 testibus,
947 4272 1027 4335 quos
1051 4249 1287 4336 produxerunt,
1311 4273 1380 4318 con·
